=LDR  07311cas a2201429 a 4500
=001  012431792
=003  Uk
=005  20221231144421.0
=006  m\\\\\\\\d\\\\\\\\
=007  cu||||||||||||
=008  040410c19569999xxumr\p\o\\\\\0\\\a0eng\\
=FMT  \\$a  SE
=010  \\$a  2007233679
=019  c\$a102010904
=022  \\$a1573-8221$y0007-4888
=035  \\$a(OCoLC)48399423
=037  \\$a???$bSpringer
=040  \\$aOCoLC$beng$cOCoLC$dOCoLC$dOH1$dGU$dUk
=041  1\$aeng$hrus
=042  \\$aukblsr
=050  14$aR850
=082  04$a616.027$223
=130  0\$aBi︠u︡lletenʹ ėksperimentalʹnoĭ biologii i medit︠s︡iny (Online).$lEnglish.
=222  \0$aBulletin of experimental biology and medicine$b(Dordrecht. Online)
=245  10$aBulletin of experimental biology and medicine$h[electronic resource].
=260  \\$a[New York, N.Y.] :$bKluwer Academic-Plenum-Human Sciences Press
=264  31$3Feb. 2007-$a[New York] :$bSpringer US
=300  \\$billustrations (black and white)
=310  \\$aMonthly
=336  \\$atext$2rdacontent
=337  \\$acomputer$2rdamedia
=362  1\$aPrint began with: Vol. 41 (Jan. 1956).
=500  \\$aFormerly published: New York : Consultants Bureau, 1956-
=580  \\$aOriginal print version of this title translated from the Russian: Bi︠u︡lletenʹ ėksperimentalʹnoĭ biologii i medit︠s︡iny. From 2005, also includes translation of: Kletochnye tekhnologii v biologii i medit︠s︡ine.
=588  \\$aDescription based on: Vol. 123, no. 3 (Mar. 1997); title from contents screen (SpringerLink, viewed Aug. 28, 2007).
=588  \\$aLatest issue consulted: volume 161, number 3 (July 2016) (viewed August 31, 2016).
=540  \\$aCurrent copyright fee: GBP34.95$c22\1$5Uk
=650  \0$aBiology, Experimental$vPeriodicals.
=650  \0$aMedicine, Experimental$vPeriodicals.
=650  \0$aClinical biochemistry$vPeriodicals.
=650  \0$aBiochemistry$vPeriodicals.
=650  \2$aBiology$vPeriodicals.
=650  \2$aMedicine$vPeriodicals.
=765  1\$tKletochnye tekhnologii v biologii i medit︠s︡ine$x2413-4678
=776  08$iPrint version:$tBi︠u︡lletenʹ ėksperimentalʹnoĭ biologii i medit︠s︡iny. English. Bulletin of experimental biology and medicine$x0007-4888
=859  \\$aELD$bejournal
=856  40$uhttp://www.springerlink.com/content/106460/
=856  \\$ahttp://estar.bl.uk/cgi-bin/sciserv.pl?collection=journals&journal=00074888&issue=v130i0009
=856  \\$31850-9999$uhttp://www.springer.com/gb/$xBLDSS
=856  4\$uhttp://firstsearch.oclc.org$zAddress for accessing the journal using authorization number and password through OCLC FirstSearch Electronic Collections Online
=859  \\$aXLD$bejournal
=852  41$aBritish Library$bDSC$j0409.500000$3Volume 130:Issue 9(2000)-Volume 164:Issue 4(2018)***See ESTAR for full holdings.
=852  41$aBritish Library$bHMNTS$jELD Digital store$3Volume 164:Issue 2(2017:Dec.)-
=945  \\$aBulletin of experimental biology and medicine c/c of Biulleten' eksperimental'noi biologii i meditsiny
=959  \\$fHeld but not currently received
=979  \\$aBritish Library$bDSC$j0409.500000
=CAT  \\$aCONV$b00$c20040425$lBLL90$h0712
=CAT  \\$aIPL-CLA$c20150930$lBLL01$h1800
=CAT  \\$aBATCH-UPD$b00$c20160217$lBLL01$h1814
=CAT  \\$aIPL-CLA$c20160331$lBLL01$h1721
=CAT  \\$aBATCH-UPD$b00$c20160524$lBLL01$h2155
=CAT  \\$aBATCH-UPD$b00$c20160524$lBLL01$h2243
=CAT  \\$aBATCH-UPD$b00$c20160824$lBLL01$h1839
=CAT  \\$a8323$b40$c20160831$lBLL01$h1015
=CAT  \\$aIPL-CLA$c20160930$lBLL01$h1558
=CAT  \\$aBATCH-UPD$b00$c20170216$lBLL01$h1922
=CAT  \\$aIPL-CLA$c20170331$lBLL01$h1840
=CAT  \\$aBATCH-UPD$b00$c20170904$lBLL01$h1942
=CAT  \\$aIPL-CLA$c20170929$lBLL01$h1724
=CAT  \\$aBATCH-UPD$b00$c20180223$lBLL01$h1822
=CAT  \\$aIPL-CLA$c20180331$lBLL01$h1615
=CAT  \\$aW1805-0475$c20180520$lBLL01$h1631
=CAT  \\$aBATCH-UPD$b00$c20180524$lBLL01$h1740
=CAT  \\$aIPL-CLA$c20180630$lBLL01$h1914
=CAT  \\$aW1908-0780$b00$c20200730$lBLL01$h1322
=CAT  \\$a15190$b40$c20201009$lBLL01$h1645
=CAT  \\$a5552$b40$c20210810$lBLL01$h1148
=CAT  \\$aIPL-CLA$c20210930$lBLL01$h1527
=CAT  \\$aCDS21$c20220118$lBLL01$h1104
=CAT  \\$aBATCH-UPD$b00$c20221121$lBLL01$h1410
=CAT  \\$a5410$b40$c20221230$lBLL01$h1900
=CAT  \\$aIPL-CLA$c20221231$lBLL01$h1444
=CFI  0\$aCurrent copyright fee: GBP34.95$c22\1$e01-jan-2023$fGBP34.95$g0$hP$5Uk
=CFI  2\$aPrevious copyright fee: GBP43.00$c22\1$e01-oct-2021$fGBP43.00$g0$hP$5Uk
=EST  \\$a1
=FFP  \\$aY$bBLDSS-3PM
=FIN  \\$aY
=LEO  \\$aMP10.0000629062
=LKR  \\$aPAR$b009180685$lBLL01$r776$mBulletin of experimental biology and medicine (Online)$nBulletin of experimental biology and medicine (Print)
=MNI  \\$a0007-4888
=SRC  \\$aBLL02
=SRC  \\$aDSS01$bbibmp10.200404.2.aa
=TCO  \\$aNLD$bSTICHTING REPRORECHT$c008
=TCO  \\$aTRS$bCCC$c008
=TOC  \\$aETOC
=UNO  \\$aY
=ACF  \\$aPrevious copyright fee: GBP21.25$c4\1$e01-jan-2009$fGBP21.25$g0$hP$5Uk
=ACF  \\$aPrevious copyright fee: GBP16.75$c4\1$e01-jan-2007$fGBP16.75$g0$hP$5Uk
=ACF  \\$aPrevious copyright fee: GBP16.22$c4\1$e01-oct-2006$fGBP16.22$g0$hP$5Uk
=ACF  \\$aPrevious copyright fee: GBP17.14$c4\1$e01-apr-2006$fGBP17.14$g0$hP$5Uk
=ACF  \\$aPrevious copyright fee: GBP16.67$c4\1$e01-jan-2006$fGBP16.67$g0$hP$5Uk
=ACF  \\$aPrevious copyright fee: GBP16.22$c4\1$e01-apr-2005$fGBP16.22$g0$hP$5Uk
=ACF  \\$aPrevious copyright fee: GBP16.67$c4\1$e01-jan-2005$fGBP16.67$g0$hP$5Uk
=ACF  \\$aPrevious copyright fee: GBP13.51$c4\1$e01-apr-2004$fGBP13.51$g0$hP$5Uk
=ACF  \\$aCurrent copyright fee: GBP14.71$c4\1$e01-jan-2004$fGBP14.71$g0$hP$5Uk
=ACF  \\$aCurrent copyright fee: GBP15.63$c4\1$e01-jan-2003$fGBP15.63$g0$hP$5Uk
=ACF  \\$aPrevious copyright fee: GBP22.00$c4\1$e01-apr-2009$fGBP22.00$g0$hP$5Uk
=ACF  \\$aPrevious copyright fee: GBP22.00$c4\1$e12-aug-2012$fGBP22.00$g0$hP$5Uk
=ACF  \\$aPrevious copyright fee: GBP25.00$c4\1$e01-jan-2013$fGBP25.00$g0$hP$5Uk
=ACF  \\$aPrevious copyright fee: GBP25.77$c4\1$e01-jul-2013$fGBP25.77$g0$hP$5Uk
=ACF  \\$aPrevious copyright fee: GBP24.97$c4\1$e01-jan-2014$fGBP24.97$g0$hP$5Uk
=ACF  \\$aPrevious copyright fee: GBP24.21$c4\1$e01-jul-2014$fGBP24.21$g0$hP$5Uk
=ACF  \\$aPrevious copyright fee: GBP25.77$c4\1$e01-apr-2015$fGBP25.77$g0$hP$5Uk
=ACF  \\$aPrevious copyright fee: GBP26.63$c4\1$e01-jul-2015$fGBP26.63$g0$hP$5Uk
=ACF  \\$aPrevious copyright fee: GBP25.77$c4\1$e01-oct-2015$fGBP25.77$g0$hP$5Uk
=ACF  \\$aPrevious copyright fee: GBP27.55$c4\1$e01-apr-2016$fGBP27.55$g0$hP$5Uk
=ACF  \\$aPrevious copyright fee: GBP29.59$c4\1$e01-oct-2016$fGBP29.59$g0$hP$5Uk
=ACF  \\$aPrevious copyright fee: GBP31.96$c4\1$e01-apr-2017$fGBP31.96$g0$hP$5Uk
=ACF  \\$aPrevious copyright fee: GBP30.73$c4\1$e01-oct-2017$fGBP30.73$g0$hP$5Uk
=ACF  \\$aPrevious copyright fee: GBP28.54$c4\1$e01-apr-2018$fGBP28.54$g0$hP$5Uk
=ACF  \\$aPrevious copyright fee: GBP34.00$c22\1$e01-jul-2018$fGBP34.00$g0$hP$5Uk
=LAS  \\$aIPL-CLA$b00$c20221231$lBLL01$h1444

