=LDR  07011cas a2201477 a 4500
=001  012431835
=003  Uk
=005  20230429122640.0
=006  m\\\\\\\\d\\\\\\\\
=007  cr||||||||||||
=008  040410c19579999xxubr\p\o\\\\\0\\\a0eng\\
=FMT  \\$a  SE
=010  \\$a  2008233215
=019  c\$a102011113
=022  \\$a1573-8892$l0026-0894$y0026-0894
=030  \\$aMTLUA8
=035  \\$a(OCoLC)48463604
=037  \\$a???$bSpringer
=040  \\$aF#A$beng$cF#A$dOCLCQ$dGUA$dQCL$dNSD$dU9S$dOCLCQ$dOCLCF$dOCLCO$dOCLCQ$dUk
=041  1\$aeng$hrus
=042  \\$aukblsr
=050  14$aTS300
=082  04$a669.05$223
=130  0\$aMetallurgist (Online)
=210  0\$aMetallurgist$b(Dordr., Online)
=222  \0$aMetallurgist$b(Dordrecht. Online)
=245  10$aMetallurgist$h[electronic resource].
=260  \\$a[New York, N.Y.] :$bKluwer Academic-Plenum-Human Sciences Press
=264  31$aNew York :$bSpringer Science+Business Media
=300  \\$billustrations (black and white, and colour)
=310  \\$aBimonthly,$b2001-
=321  \\$aMonthly,$b1998-2000
=321  \\$aBimonthly,$b1997
=321  \\$aMonthly,$b-1996
=336  \\$atext$2rdacontent
=337  \\$acomputer$2rdamedia
=338  \\$aonline resource$2rdacarrier
=362  1\$aPrint began with January 1957 issue.
=500  \\$aFormerly published: New York : Consultants Bureau, 1957-
=515  \\$aTwelve numbers per year, combined into six bimonthly issues, <1997> and 2001-
=580  \\$aOriginal print version of this title translated from the Russian: Metallurg.
=588  \\$aDescription based on: Vol. 41, no. 1/2 (Jan. 1997); title from journal information screen (SpringerLink, viewed Jan. 16, 2008).
=588  \\$aLatest issue consulted: volume 60, numbers 5-6 (September 2016) = Russian original, volume 60, numbers 5-6 (June-July 2016) (viewed December 7, 2016).
=540  \\$aCurrent copyright fee: GBP29.95$c22\1$5Uk
=650  \0$aMetallurgy$vPeriodicals.
=655  \7$aPeriodicals.$2fast
=776  08$iPrint version:$tMetallurgist$x0026-0894
=859  \\$aELD$bejournal
=856  40$uhttp://www.springerlink.com/content/106487/
=856  4\$uhttp://firstsearch.oclc.org$zAddress for accessing the journal using authorization number and password through OCLC FirstSearch Electronic Collections Online
=856  \\$ahttp://estar.bl.uk/cgi-bin/sciserv.pl?collection=journals&journal=00260894&issue=v44i9-10
=856  \\$31850-9999$uhttp://www.springer.com/gb/$xBLDSS
=859  \\$aXLD$bejournal
=852  41$aBritish Library$bDSC$j0416.000000$3Volume 44:Issue 9/10(2000)-Volume 61:Issue 9/10(2018)***See ESTAR for full holdings.
=852  41$aBritish Library$bHMNTS$jELD Digital store$3Volume 61:Number 7/8(2017)-
=945  \\$aMetallurgist c/c of Metallurg
=959  \\$fHeld but not currently received
=979  \\$aBritish Library$bDSC$j0416.000000
=985  \\$aCONFERENCE ANALYTIC RECORDS EXIST
=985  \\$aCorrected by BSS-generated file for WR# 08/157
=A02  \\$a102011113
=CAT  \\$aCONV$b00$c20040425$lBLL90$h0712
=CAT  \\$aIPL-CLA$c20150630$lBLL01$h1642
=CAT  \\$aBATCH-UPD$b00$c20150820$lBLL01$h1919
=CAT  \\$aIPL-CLA$c20150930$lBLL01$h1800
=CAT  \\$aBATCH-UPD$b00$c20160217$lBLL01$h1814
=CAT  \\$aIPL-CLA$c20160331$lBLL01$h1721
=CAT  \\$aBATCH-UPD$b00$c20160524$lBLL01$h2155
=CAT  \\$aBATCH-UPD$b00$c20160524$lBLL01$h2243
=CAT  \\$aBATCH-UPD$b00$c20160824$lBLL01$h1839
=CAT  \\$aIPL-CLA$c20160930$lBLL01$h1558
=CAT  \\$a8323$b40$c20161207$lBLL01$h0900
=CAT  \\$aBATCH-UPD$b40$c20170216$lBLL01$h1922
=CAT  \\$aIPL-CLA$c20170331$lBLL01$h1840
=CAT  \\$aBATCH-UPD$b00$c20170904$lBLL01$h1942
=CAT  \\$aIPL-CLA$c20170929$lBLL01$h1724
=CAT  \\$aBATCH-UPD$b00$c20180223$lBLL01$h1822
=CAT  \\$aIPL-CLA$c20180331$lBLL01$h1615
=CAT  \\$aW1805-0475$c20180520$lBLL01$h1631
=CAT  \\$aBATCH-UPD$b00$c20180524$lBLL01$h1740
=CAT  \\$aIPL-CLA$c20180630$lBLL01$h1914
=CAT  \\$aW1908-0780$b00$c20200730$lBLL01$h1322
=CAT  \\$a15190$b40$c20210315$lBLL01$h1100
=CAT  \\$aCDS21$c20220118$lBLL01$h1104
=CAT  \\$aBATCH-UPD$b00$c20221121$lBLL01$h1359
=CAT  \\$aIPL-CLA$c20221231$lBLL01$h1444
=CAT  \\$a5410$b40$c20230429$lBLL01$h1226
=CFI  0\$aCurrent copyright fee: GBP29.95$c22\1$e01-jan-2023$fGBP29.95$g0$hP$5Uk
=CFI  2\$aPrevious copyright fee: GBP34.00$c22\1$e01-jul-2018$fGBP34.00$g0$hP$5Uk
=EST  \\$a1
=FFP  \\$aY$bBLDSS-3PM
=FIN  \\$aY
=LEO  \\$aMP10.0000629105
=LKR  \\$aPAR$b009180943$lBLL01$r776$mMetallurgist (Online)$nMetallurgist (Print)
=MNI  \\$a0026-0894
=SRC  \\$aBLL02
=SRC  \\$aDSS01$bbibmp10.200404.2.aa
=TCO  \\$aNLD$bSTICHTING REPRORECHT$c008
=TCO  \\$aTRS$bCCC$c008
=TOC  \\$aETOC
=UNO  \\$aY
=ACF  \\$aPrevious copyright fee: GBP21.25$c4\1$e01-jan-2009$fGBP21.25$g0$hP$5Uk
=ACF  \\$aPrevious copyright fee: GBP16.75$c4\1$e01-jan-2007$fGBP16.75$g0$hP$5Uk
=ACF  \\$aPrevious copyright fee: GBP16.22$c4\1$e01-oct-2006$fGBP16.22$g0$hP$5Uk
=ACF  \\$aPrevious copyright fee: GBP17.14$c4\1$e01-apr-2006$fGBP17.14$g0$hP$5Uk
=ACF  \\$aPrevious copyright fee: GBP16.67$c4\1$e01-jan-2006$fGBP16.67$g0$hP$5Uk
=ACF  \\$aPrevious copyright fee: GBP16.22$c4\1$e01-apr-2005$fGBP16.22$g0$hP$5Uk
=ACF  \\$aPrevious copyright fee: GBP16.67$c4\1$e01-jan-2005$fGBP16.67$g0$hP$5Uk
=ACF  \\$aPrevious copyright fee: GBP13.51$c4\1$e01-apr-2004$fGBP13.51$g0$hP$5Uk
=ACF  \\$aCurrent copyright fee: GBP14.71$c4\1$e01-jan-2004$fGBP14.71$g0$hP$5Uk
=ACF  \\$aCurrent copyright fee: GBP15.63$c4\1$e01-jan-2003$fGBP15.63$g0$hP$5Uk
=ACF  \\$aPrevious copyright fee: GBP22.00$c4\1$e01-apr-2009$fGBP22.00$g0$hP$5Uk
=ACF  \\$aPrevious copyright fee: GBP22.00$c4\1$e12-aug-2012$fGBP22.00$g0$hP$5Uk
=ACF  \\$aPrevious copyright fee: GBP25.00$c4\1$e01-jan-2013$fGBP25.00$g0$hP$5Uk
=ACF  \\$aPrevious copyright fee: GBP25.77$c4\1$e01-jul-2013$fGBP25.77$g0$hP$5Uk
=ACF  \\$aPrevious copyright fee: GBP24.97$c4\1$e01-jan-2014$fGBP24.97$g0$hP$5Uk
=ACF  \\$aPrevious copyright fee: GBP24.21$c4\1$e01-jul-2014$fGBP24.21$g0$hP$5Uk
=ACF  \\$aPrevious copyright fee: GBP25.77$c4\1$e01-apr-2015$fGBP25.77$g0$hP$5Uk
=ACF  \\$aPrevious copyright fee: GBP26.63$c4\1$e01-jul-2015$fGBP26.63$g0$hP$5Uk
=ACF  \\$aPrevious copyright fee: GBP25.77$c4\1$e01-oct-2015$fGBP25.77$g0$hP$5Uk
=ACF  \\$aPrevious copyright fee: GBP27.55$c4\1$e01-apr-2016$fGBP27.55$g0$hP$5Uk
=ACF  \\$aPrevious copyright fee: GBP29.59$c4\1$e01-oct-2016$fGBP29.59$g0$hP$5Uk
=ACF  \\$aPrevious copyright fee: GBP31.96$c4\1$e01-apr-2017$fGBP31.96$g0$hP$5Uk
=ACF  \\$aPrevious copyright fee: GBP30.73$c4\1$e01-oct-2017$fGBP30.73$g0$hP$5Uk
=ACF  \\$aPrevious copyright fee: GBP28.54$c4\1$e01-apr-2018$fGBP28.54$g0$hP$5Uk
=LAS  \\$a5410$b40$c20230429$lBLL01$h1226

