=LDR  07297cas a2201477 a 4500
=001  012431793
=003  Uk
=005  20230703100838.0
=006  m\\\\\\\\d\\\\\\\\
=007  cr||||||||||||
=008  040410c20009999xxkbr\p\o\\\\\0\\\a0eng\\
=FMT  \\$a  SE
=010  \\$a  2008213055
=019  c\$a102010912
=022  \\$a1573-8329$l0009-2355$y0009-2355
=030  \\$aCPTEAW
=035  \\$a(OCoLC)47222818
=037  \\$a???$bSpringer
=040  \\$aOH1$beng$cOH1$dOCLCQ$dQCL$dOCLCQ$dNSD$dGUA$dOCLCQ$dU9S$dOCLCQ$dOCLCF$dOCLCO$dOCLCQ$dUk
=041  1\$aeng$hrus
=042  \\$aukblsr
=050  14$aTP155
=082  04$a660$223
=130  0\$aChemical and petroleum engineering (Online)
=210  0\$aChem. pet. eng.$b(Dordr., Online)
=222  \0$aChemical and petroleum engineering$b(Dordrecht. Online)
=245  10$aChemical and petroleum engineering$h[electronic resource].
=260  \\$a[New York] :$bKluwer Academic/Plenum Publishers
=264  31$aNew York :$bSpringer US
=300  \\$av.
=310  \\$aBimonthly,$b2001-
=321  \\$aMonthly,$b1998-2000
=321  \\$aBimonthly,$b-1997
=336  \\$atext$2rdacontent
=337  \\$acomputer$2rdamedia
=338  \\$aonline resource$2rdacarrier
=362  1\$aPrint began with vol. 1, no. 1 (Jan. 1965).
=500  \\$aFormerly published: New York : Consultants Bureau, 1965-
=588  \\$aDescription based on: Vol. 33, no. 1 (Jan. 1997); title from contents screen (SpringerLink, viewed May 28, 2008).
=515  \\$aTwelve numbers per year combined into six bimonthly issues, 2001-
=580  \\$aOrignal print version of this title translated from the Russian: Khimicheskoe i nefti︠a︡noe mashinostroenie, 1965-May 1997; Khimicheskoe i neftegazovoe mashinostroenie, July 1997-
=588  \\$aLatest issue consulted: volume 52, numbers 3-4 (July 2016) = Russian original: numbers 3-4 (March-April, 2016) (viewed September 7, 2016).
=540  \\$aCurrent copyright fee: GBP29.95$c22\1$5Uk
=650  \0$aChemical engineering$vPeriodicals.
=650  \0$aChemical engineering$xTechnological innovations$zRussia (Federation)$vPeriodicals.
=650  \0$aPetroleum engineering$vPeriodicals.
=650  \0$aPetroleum engineering$xTechnological innovations$zRussia (Federation)$vPeriodicals.
=655  \7$aPeriodicals.$2fast
=776  08$iAlso issued in print as:$tChemical and petroleum engineering$x0009-2355
=859  \\$aELD$bejournal
=856  40$uhttp://link.springer.com/journal/volumesAndIssues/10556
=856  \\$ahttp://estar.bl.uk/cgi-bin/sciserv.pl?collection=journals&journal=00092355&issue=v36i9-10
=856  \\$31850-9999$uhttp://www.springer.com/gb/$xBLDSS
=859  \\$aXLD$bejournal
=852  41$aBritish Library$bHMNTS$jELD Digital store$3Volume 53:Issue 7/8(2017:Nov.)-
=852  41$aBritish Library$bDSC$j0410.300000$3Volume 33:Issue 5(1997)-Volume 53:Issue 9/10(2018)***See ESTAR for full holdings.
=945  \\$aChemical and petroleum engineering -Consultants Bureau- c/c of Khimicheskoe i neftianoe mashinostroenie
=959  \\$fHeld but not currently received
=979  \\$aBritish Library$bDSC$j0410.300000
=985  \\$aCorrected by BSS-generated file for WR# 08/157
=CAT  \\$aCONV$b00$c20040425$lBLL90$h0712
=CAT  \\$aIPL-CLA$c20150630$lBLL01$h1642
=CAT  \\$aBATCH-UPD$b00$c20150820$lBLL01$h1919
=CAT  \\$aIPL-CLA$c20150930$lBLL01$h1800
=CAT  \\$aBATCH-UPD$b00$c20160217$lBLL01$h1814
=CAT  \\$aIPL-CLA$c20160331$lBLL01$h1721
=CAT  \\$aBATCH-UPD$b00$c20160524$lBLL01$h2155
=CAT  \\$aBATCH-UPD$b00$c20160524$lBLL01$h2243
=CAT  \\$aBATCH-UPD$b00$c20160824$lBLL01$h1839
=CAT  \\$a8323$b40$c20160907$lBLL01$h1202
=CAT  \\$aIPL-CLA$c20160930$lBLL01$h1558
=CAT  \\$aBATCH-UPD$b00$c20170216$lBLL01$h1922
=CAT  \\$aIPL-CLA$c20170331$lBLL01$h1840
=CAT  \\$aBATCH-UPD$b00$c20170904$lBLL01$h1942
=CAT  \\$aIPL-CLA$c20170929$lBLL01$h1724
=CAT  \\$aBATCH-UPD$b00$c20180223$lBLL01$h1822
=CAT  \\$aIPL-CLA$c20180331$lBLL01$h1615
=CAT  \\$aW1805-0475$c20180520$lBLL01$h1631
=CAT  \\$aBATCH-UPD$b00$c20180524$lBLL01$h1740
=CAT  \\$aIPL-CLA$c20180630$lBLL01$h1914
=CAT  \\$aW1908-0780$b00$c20200730$lBLL01$h1322
=CAT  \\$a15190$b40$c20201013$lBLL01$h1249
=CAT  \\$aCDS21$c20220118$lBLL01$h1104
=CAT  \\$aBATCH-UPD$b00$c20221121$lBLL01$h1359
=CAT  \\$aIPL-CLA$c20221231$lBLL01$h1444
=CAT  \\$a5410$b40$c20230703$lBLL01$h1008
=CFI  0\$aCurrent copyright fee: GBP29.95$c22\1$e01-jan-2023$fGBP29.95$g0$hP$5Uk
=CFI  2\$aPrevious copyright fee: GBP34.00$c22\1$e01-jul-2018$fGBP34.00$g0$hP$5Uk
=EST  \\$a1
=FFP  \\$aY$bBLDSS-3PM
=FIN  \\$aY
=LEO  \\$aMP10.0000629063
=LET  \0$aChemical and petroleum engineering (Electronic)
=LKR  \\$aPAR$b009180694$lBLL01$r776$mChemical and petroleum engineering (Online)$nChemical and petroleum engineering (Print)
=MNI  \\$a0009-2355
=SRC  \\$aBLL02
=SRC  \\$aDSS01$bbibmp10.200404.2.aa
=TCO  \\$aNLD$bSTICHTING REPRORECHT$c008
=TCO  \\$aTRS$bCCC$c008
=TOC  \\$aETOC
=UNO  \\$aY
=ACF  \\$aPrevious copyright fee: GBP21.25$c4\1$e01-jan-2009$fGBP21.25$g0$hP$5Uk
=ACF  \\$aPrevious copyright fee: GBP16.75$c4\1$e01-jan-2007$fGBP16.75$g0$hP$5Uk
=ACF  \\$aPrevious copyright fee: GBP16.22$c4\1$e01-oct-2006$fGBP16.22$g0$hP$5Uk
=ACF  \\$aPrevious copyright fee: GBP17.14$c4\1$e01-apr-2006$fGBP17.14$g0$hP$5Uk
=ACF  \\$aPrevious copyright fee: GBP16.67$c4\1$e01-jan-2006$fGBP16.67$g0$hP$5Uk
=ACF  \\$aPrevious copyright fee: GBP16.22$c4\1$e01-apr-2005$fGBP16.22$g0$hP$5Uk
=ACF  \\$aPrevious copyright fee: GBP16.67$c4\1$e01-jan-2005$fGBP16.67$g0$hP$5Uk
=ACF  \\$aPrevious copyright fee: GBP13.51$c4\1$e01-apr-2004$fGBP13.51$g0$hP$5Uk
=ACF  \\$aCurrent copyright fee: GBP14.71$c4\1$e01-jan-2004$fGBP14.71$g0$hP$5Uk
=ACF  \\$aCurrent copyright fee: GBP15.63$c4\1$e01-jan-2003$fGBP15.63$g0$hP$5Uk
=ACF  \\$aPrevious copyright fee: GBP22.00$c4\1$e01-apr-2009$fGBP22.00$g0$hP$5Uk
=ACF  \\$aPrevious copyright fee: GBP22.00$c4\1$e12-aug-2012$fGBP22.00$g0$hP$5Uk
=ACF  \\$aPrevious copyright fee: GBP25.00$c4\1$e01-jan-2013$fGBP25.00$g0$hP$5Uk
=ACF  \\$aPrevious copyright fee: GBP25.77$c4\1$e01-jul-2013$fGBP25.77$g0$hP$5Uk
=ACF  \\$aPrevious copyright fee: GBP24.97$c4\1$e01-jan-2014$fGBP24.97$g0$hP$5Uk
=ACF  \\$aPrevious copyright fee: GBP24.21$c4\1$e01-jul-2014$fGBP24.21$g0$hP$5Uk
=ACF  \\$aPrevious copyright fee: GBP25.77$c4\1$e01-apr-2015$fGBP25.77$g0$hP$5Uk
=ACF  \\$aPrevious copyright fee: GBP26.63$c4\1$e01-jul-2015$fGBP26.63$g0$hP$5Uk
=ACF  \\$aPrevious copyright fee: GBP25.77$c4\1$e01-oct-2015$fGBP25.77$g0$hP$5Uk
=ACF  \\$aPrevious copyright fee: GBP27.55$c4\1$e01-apr-2016$fGBP27.55$g0$hP$5Uk
=ACF  \\$aPrevious copyright fee: GBP29.59$c4\1$e01-oct-2016$fGBP29.59$g0$hP$5Uk
=ACF  \\$aPrevious copyright fee: GBP31.96$c4\1$e01-apr-2017$fGBP31.96$g0$hP$5Uk
=ACF  \\$aPrevious copyright fee: GBP30.73$c4\1$e01-oct-2017$fGBP30.73$g0$hP$5Uk
=ACF  \\$aPrevious copyright fee: GBP28.54$c4\1$e01-apr-2018$fGBP28.54$g0$hP$5Uk
=LAS  \\$a5410$b40$c20230703$lBLL01$h1008

