=LDR  07105cas a2201477 a 4500
=001  012431810
=003  Uk
=005  20221231202047.0
=006  m\\\\\\\\d\\\\\\\\
=007  cr||||||||||||
=008  040410c20009999xxubr\p\o\\\\\0\\\a0eng\\
=FMT  \\$a  SE
=019  c\$a102011001
=022  \\$a1573-8515$l0361-7610$y0361-7610$z0017-100X
=035  \\$a(OCoLC)560409544$z(OCoLC)266528571$z(OCoLC)297313521
=037  \\$a???$bSpringer
=040  \\$aOCLCE$beng$cOCLCE$dOCLCQ$dOCLCF$dOCLCQ$dCUD$dOCLCQ$dUk
=041  1\$aeng$hrus
=042  \\$aukblsr
=050  \4$aTP845$b.S7135
=082  04$a666.05$223
=130  0\$aGlass and ceramics (Online)
=222  \0$aGlass and ceramics$b(Dordrecht. Online)
=245  10$aGlass and ceramics$h[electronic resource].
=260  \\$aNew York :$bConsultants Bureau
=260  2\$a[New York] :$bKluwer Academic/Plenum Publishers
=264  31$aNew York :$bSpringer Science+Business Media
=300  \\$billustrations (black and white)
=310  \\$aBimonthly,$b1997-
=321  \\$aMonthly,$b-1996
=321  \\$aBimonthly,$b<July 1977- >
=321  \\$aIrregular,$b1956-
=336  \\$atext$2rdacontent
=337  \\$acomputer$2rdamedia
=362  1\$aPrint began with volume 13, number 1 (January 1956).
=515  \\$aCarries volume/issue numbering of the original.
=515  \\$aSome issues combined, -1996; two numbers per issue, 1997-
=550  \\$aIssues for 1956-May/June 1965 published by Consultants Bureau Enterprises, inc. (called in 1956 Consultants Bureau, inc.); July/Aug. 1965- by Consultants Bureau.
=580  \\$aOriginal print version of this title is a translation from the Russian: Steklo i keramika.
=588  \\$aDescription based on print version record.
=588  \\$aLatest issue consulted: volume 73, numbers 5-6 (September 2016) = Russian original, numbers 5-6 (May/June 2016) (Springer Link, viewed October 25, 2016).
=510  2\$aChemical abstracts,$x0009-2258
=540  \\$aCurrent copyright fee: GBP29.95$c22\1$5Uk
=650  \0$aGlass manufacture$vPeriodicals.
=650  \0$aCeramics$vPeriodicals.
=655  \7$aPeriodicals.$2fast
=710  2\$aConsultants Bureau.
=776  08$iAlso issued in print as:$tGlass and ceramics$x0361-7610
=710  2\$aConsultants Bureau Enterprises.
=859  \\$aELD$bejournal
=856  40$uhttp://www.springerlink.com/openurl.asp?genre=journal&issn=0361-7610
=856  \\$ahttp://estar.bl.uk/cgi-bin/sciserv.pl?collection=journals&journal=03617610&issue=v57i7-8
=856  \\$31850-9999$uhttp://www.springer.com/gb/$xBLDSS
=859  \\$aXLD$bejournal
=852  41$aBritish Library$bDSC$j0412.000000$3Volume 55:Issue 1/2(1998)-Volume 74:Issue 9/10(2018)***See ESTAR for full holdings.
=852  41$aBritish Library$bHMNTS$jELD Digital store$3Volume 74:Issue 7/8(2017:Nov.)-
=945  \\$aGlass and ceramics c/c of Steklo i keramika
=959  \\$fHeld but not currently received
=979  \\$aBritish Library$bDSC$j0412.000000
=A02  \\$a102011001
=CAT  \\$aCONV$b00$c20040425$lBLL90$h0712
=CAT  \\$aBATCH-UPD$b00$c20150820$lBLL01$h1919
=CAT  \\$aIPL-CLA$c20150930$lBLL01$h1800
=CAT  \\$aBATCH-UPD$b00$c20160217$lBLL01$h1814
=CAT  \\$aIPL-CLA$c20160331$lBLL01$h1721
=CAT  \\$aBATCH-UPD$b00$c20160524$lBLL01$h2155
=CAT  \\$aBATCH-UPD$b00$c20160524$lBLL01$h2243
=CAT  \\$aBATCH-UPD$b00$c20160824$lBLL01$h1839
=CAT  \\$aIPL-CLA$c20160930$lBLL01$h1558
=CAT  \\$a8323$b40$c20161025$lBLL01$h1340
=CAT  \\$a8323$b40$c20161102$lBLL01$h0841
=CAT  \\$aBATCH-UPD$b40$c20170216$lBLL01$h1922
=CAT  \\$aIPL-CLA$c20170331$lBLL01$h1840
=CAT  \\$aBATCH-UPD$b00$c20170904$lBLL01$h1942
=CAT  \\$aIPL-CLA$c20170929$lBLL01$h1724
=CAT  \\$aBATCH-UPD$b00$c20180223$lBLL01$h1822
=CAT  \\$aIPL-CLA$c20180331$lBLL01$h1615
=CAT  \\$aW1805-0475$c20180520$lBLL01$h1631
=CAT  \\$aBATCH-UPD$b00$c20180524$lBLL01$h1740
=CAT  \\$aIPL-CLA$c20180630$lBLL01$h1914
=CAT  \\$aW1908-0780$b00$c20200730$lBLL01$h1322
=CAT  \\$a15190$b40$c20201112$lBLL01$h1134
=CAT  \\$aCDS21$c20220118$lBLL01$h1104
=CAT  \\$aBATCH-UPD$b00$c20221121$lBLL01$h1359
=CAT  \\$aIPL-CLA$c20221231$lBLL01$h1444
=CAT  \\$a5410$b40$c20221231$lBLL01$h2020
=CFI  0\$aCurrent copyright fee: GBP29.95$c22\1$e01-jan-2023$fGBP29.95$g0$hP$5Uk
=CFI  2\$aPrevious copyright fee: GBP34.00$c22\1$e01-jul-2018$fGBP34.00$g0$hP$5Uk
=EST  \\$a1
=FFP  \\$aY$bBLDSS-3PM
=FIN  \\$aY
=LEO  \\$aMP10.0000629080
=LKR  \\$aPAR$b009180802$lBLL01$r776$mGlass and ceramics (Online)$nGlass and ceramics (Print)
=MNI  \\$a0361-7610
=SID  \\$aZ39$bOCLC
=SRC  \\$aDSS01$bbibmp10.200404.2.aa
=TCO  \\$aNLD$bSTICHTING REPRORECHT$c008
=TCO  \\$aTRS$bCCC$c008
=TOC  \\$aETOC
=UNO  \\$aY
=ACF  \\$aPrevious copyright fee: GBP21.25$c13\1$e01-jan-2009$fGBP21.25$g0$hP$5Uk
=ACF  \\$aPrevious copyright fee: GBP16.75$c13\1$e01-jan-2007$fGBP16.75$g0$hP$5Uk
=ACF  \\$aPrevious copyright fee: GBP16.22$c13\1$e01-oct-2006$fGBP16.22$g0$hP$5Uk
=ACF  \\$aPrevious copyright fee: GBP17.14$c13\1$e01-apr-2006$fGBP17.14$g0$hP$5Uk
=ACF  \\$aPrevious copyright fee: GBP16.67$c13\1$e01-jan-2006$fGBP16.67$g0$hP$5Uk
=ACF  \\$aPrevious copyright fee: GBP16.22$c13\1$e01-apr-2005$fGBP16.22$g0$hP$5Uk
=ACF  \\$aPrevious copyright fee: GBP16.67$c13\1$e01-jan-2005$fGBP16.67$g0$hP$5Uk
=ACF  \\$aPrevious copyright fee: GBP13.51$c13\1$e17-nov-2004$fGBP13.51$g0$hP$5Uk
=ACF  \\$aCurrent copyright fee: GBP13.51$c4\1$e01-apr-2004$fGBP13.51$g0$hP$5Uk
=ACF  \\$aCurrent copyright fee: GBP14.71$c4\1$e01-jan-2004$fGBP14.71$g0$hP$5Uk
=ACF  \\$aCurrent copyright fee: GBP15.63$c4\1$e01-jan-2003$fGBP15.63$g0$hP$5Uk
=ACF  \\$aPrevious copyright fee: GBP22.00$c4\1$e01-apr-2009$fGBP22.00$g0$hP$5Uk
=ACF  \\$aPrevious copyright fee: GBP22.00$c4\1$e12-aug-2012$fGBP22.00$g0$hP$5Uk
=ACF  \\$aPrevious copyright fee: GBP25.00$c4\1$e01-jan-2013$fGBP25.00$g0$hP$5Uk
=ACF  \\$aPrevious copyright fee: GBP25.77$c4\1$e01-jul-2013$fGBP25.77$g0$hP$5Uk
=ACF  \\$aPrevious copyright fee: GBP24.97$c4\1$e01-jan-2014$fGBP24.97$g0$hP$5Uk
=ACF  \\$aPrevious copyright fee: GBP24.21$c4\1$e01-jul-2014$fGBP24.21$g0$hP$5Uk
=ACF  \\$aPrevious copyright fee: GBP25.77$c4\1$e01-apr-2015$fGBP25.77$g0$hP$5Uk
=ACF  \\$aPrevious copyright fee: GBP26.63$c4\1$e01-jul-2015$fGBP26.63$g0$hP$5Uk
=ACF  \\$aPrevious copyright fee: GBP25.77$c4\1$e01-oct-2015$fGBP25.77$g0$hP$5Uk
=ACF  \\$aPrevious copyright fee: GBP27.55$c4\1$e01-apr-2016$fGBP27.55$g0$hP$5Uk
=ACF  \\$aPrevious copyright fee: GBP29.59$c4\1$e01-oct-2016$fGBP29.59$g0$hP$5Uk
=ACF  \\$aPrevious copyright fee: GBP31.96$c4\1$e01-apr-2017$fGBP31.96$g0$hP$5Uk
=ACF  \\$aPrevious copyright fee: GBP30.73$c4\1$e01-oct-2017$fGBP30.73$g0$hP$5Uk
=ACF  \\$aPrevious copyright fee: GBP28.54$c4\1$e01-apr-2018$fGBP28.54$g0$hP$5Uk
=LAS  \\$a5410$b40$c20221231$lBLL01$h2020

