=LDR  06994cas a2201489 a 4500
=001  012431815
=003  Uk
=005  20221231202223.0
=006  m\\\\\\\\d\\\\\\\\
=007  cr||||||||||||
=008  040410c19659999vb\mx\p\o\\\\\0\\\a0eng\\
=FMT  \\$a  SE
=019  c\$a102011032
=022  \\$a1608-3172$l0020-1685$y0020-1685$202
=035  \\$a(OCoLC)726767217
=037  \\$a???$bSpringer
=040  \\$aOCLCE$beng$cOCLCE$dOCLCQ$dOCLCF$dOCLCQ$dUk
=041  1\$aeng$hrus
=042  \\$aukblsr$aissnuk
=050  \4$aTN4$b.A334643
=082  04$a620.11$223
=130  0\$aInorganic materials (Online)
=210  0\$aInorg. mater.$b(Online)
=222  \0$aInorganic materials$b(Online)
=245  10$aInorganic materials$h[electronic resource].
=264  \1$a[Moscow] :$bMAIK "Nauka/Interperiodica"
=264  21$a[Moscow] :$bPleiades Publishing, Ltd.
=264  31$a[Tortola, British Virgin Islands] :$bPleiades Publishing
=300  \\$billustrations (black and white)
=310  \\$aMonthly (four issues in Dec.),$b2010-
=321  \\$aMonthly (three issues in Dec.),$b2008-2009
=321  \\$aMonthly,$b-2007
=336  \\$atext$2rdacontent
=337  \\$acomputer$2rdamedia
=338  \\$aonline resource$2rdacarrier
=362  0\$aPrint began with: v. 1 (Jan. 1965).
=500  \\$aFormerly published: New York : Consultants Bureau.
=510  2\$aChemical abstracts,$x0009-2258,$b1995-
=580  \\$aOriginial print version of this title is a translation of the Russian: Neorganicheskie materialy.
=588  \\$aDescription based on print version record.
=588  \\$aLatest issue consulted: volume 58, issue 9 (September 2022) (SpringerLink, viewed November 29, 2022).
=540  \\$aCurrent copyright fee: GBP29.95$c22\1$5Uk
=650  \0$aMaterials science$vPeriodicals.
=650  \0$aInorganic compounds$vPeriodicals.
=650  \0$aMetals$vPeriodicals.
=650  \0$aMaterials$vPeriodicals.
=650  \0$aChemistry, Inorganic$vPeriodicals.
=655  \7$aPeriodicals.$2fast
=710  2\$aRossiĭskai︠a︡ akademii︠a︡ nauk,$eissuing body.
=776  08$iAlso issued in print as:$tInorganic materials$x0020-1685
=859  \\$aELD$bejournal
=856  40$uhttps://www.springer.com/journal/10789
=856  \\$ahttp://estar.bl.uk/cgi-bin/sciserv.pl?collection=journals&journal=00201685&issue=v36i0012
=856  \\$31850-9999$uhttp://www.springer.com/gb/$xBLDSS
=859  \\$aXLD$bejournal
=852  41$aBritish Library$bDSC$j0412.620000$3Volume 36:Issue 1(2000)-Volume 54:Issue 3(2018)***See ESTAR for full holdings.
=852  41$aBritish Library$bHMNTS$jELD Digital store$3Volume 53:Issue 13(2017)-
=945  \\$aInorganic materials c/c of Izvestiia- Akademiia nauk SSSR Neorganicheskie Materialy
=959  \\$fHeld but not currently received
=979  \\$aBritish Library$bDSC$j0412.620000
=985  \\$aCorrected by BSS-generated file for WR# 08/157
=985  \\$aISSN responsibility transferred from ISSN Russia (29/11/22)
=A02  \\$a102011032
=CAT  \\$aCONV$b00$c20040425$lBLL90$h0712
=CAT  \\$aBATCH-UPD$b00$c20160217$lBLL01$h1856
=CAT  \\$aIPL-CLA$c20160331$lBLL01$h1721
=CAT  \\$aBATCH-UPD$b00$c20160518$lBLL01$h0953
=CAT  \\$aBATCH-UPD$b00$c20160524$lBLL01$h2155
=CAT  \\$aBATCH-UPD$b00$c20160824$lBLL01$h1914
=CAT  \\$aIPL-CLA$c20160930$lBLL01$h1558
=CAT  \\$a8323$b40$c20161102$lBLL01$h1018
=CAT  \\$aBATCH-UPD$b40$c20170216$lBLL01$h1959
=CAT  \\$aIPL-CLA$c20170331$lBLL01$h1840
=CAT  \\$aBATCH-UPD$b00$c20170904$lBLL01$h2030
=CAT  \\$aIPL-CLA$c20170929$lBLL01$h1724
=CAT  \\$aBATCH-UPD$b00$c20180223$lBLL01$h1929
=CAT  \\$aIPL-CLA$c20180331$lBLL01$h1615
=CAT  \\$aW1805-0475$c20180520$lBLL01$h1631
=CAT  \\$aBATCH-UPD$b00$c20180524$lBLL01$h1809
=CAT  \\$aIPL-CLA$c20180630$lBLL01$h1914
=CAT  \\$aW1908-0780$b00$c20200730$lBLL01$h1322
=CAT  \\$a15190$b40$c20201127$lBLL01$h1543
=CAT  \\$a5552$b40$c20210622$lBLL01$h0950
=CAT  \\$aCDS21$c20220118$lBLL01$h1104
=CAT  \\$aBATCH-UPD$b00$c20221121$lBLL01$h1359
=CAT  \\$a10806$b40$c20221129$lBLL01$h1330
=CAT  \\$a10806$b40$c20221129$lBLL01$h1332
=CAT  \\$aIPL-CLA$c20221231$lBLL01$h1444
=CAT  \\$a5410$b40$c20221231$lBLL01$h2022
=CFI  0\$aCurrent copyright fee: GBP29.95$c22\1$e01-jan-2023$fGBP29.95$g0$hP$5Uk
=CFI  2\$aPrevious copyright fee: GBP34.00$c22\1$e01-jul-2018$fGBP34.00$g0$hP$5Uk
=EST  \\$a1
=FFP  \\$aY$bBLDSS-3PM
=FIN  \\$aY
=LEO  \\$aMP10.0000629085
=LKR  \\$aPAR$b009180837$lBLL01$r776$mInorganic materials (Online)$nInorganic materials (Print)
=MNI  \\$a0020-1685
=SRC  \\$aDSS01$bbibmp10.200404.2.aa
=TCO  \\$aNLD$bSTICHTING REPRORECHT$c008
=TCO  \\$aTRS$bCCC$c008
=TOC  \\$aETOC
=UNO  \\$aY
=ACF  \\$aPrevious copyright fee: GBP21.25$c4\3$e01-jan-2009$fGBP21.25$g0$hP$5Uk
=ACF  \\$aPrevious copyright fee: GBP16.75$c4\3$e01-jan-2007$fGBP16.75$g0$hP$5Uk
=ACF  \\$aPrevious copyright fee: GBP16.22$c4\3$e01-oct-2006$fGBP16.22$g0$hP$5Uk
=ACF  \\$aPrevious copyright fee: GBP17.14$c4\3$e01-apr-2006$fGBP17.14$g0$hP$5Uk
=ACF  \\$aPrevious copyright fee: GBP16.67$c4\3$e01-jan-2006$fGBP16.67$g0$hP$5Uk
=ACF  \\$aPrevious copyright fee: GBP16.22$c4\3$e01-apr-2005$fGBP16.22$g0$hP$5Uk
=ACF  \\$aPrevious copyright fee: GBP16.67$c4\3$e01-jan-2005$fGBP16.67$g0$hP$5Uk
=ACF  \\$aPrevious copyright fee: GBP13.51$c4\3$e01-apr-2004$fGBP13.51$g0$hP$5Uk
=ACF  \\$aCurrent copyright fee: GBP14.71$c4\3$e01-jan-2004$fGBP14.71$g0$hP$5Uk
=ACF  \\$aCurrent copyright fee: GBP15.63$c4\3$e01-jan-2003$fGBP15.63$g0$hP$5Uk
=ACF  \\$aPrevious copyright fee: GBP22.00$c4\3$e01-apr-2009$fGBP22.00$g0$hP$5Uk
=ACF  \\$aPrevious copyright fee: GBP22.00$c4\3$e12-aug-2012$fGBP22.00$g0$hP$5Uk
=ACF  \\$aPrevious copyright fee: GBP25.00$c4\3$e01-jan-2013$fGBP25.00$g0$hP$5Uk
=ACF  \\$aPrevious copyright fee: GBP25.77$c4\3$e01-jul-2013$fGBP25.77$g0$hP$5Uk
=ACF  \\$aPrevious copyright fee: GBP24.97$c4\3$e01-jan-2014$fGBP24.97$g0$hP$5Uk
=ACF  \\$aPrevious copyright fee: GBP24.21$c4\3$e01-jul-2014$fGBP24.21$g0$hP$5Uk
=ACF  \\$aPrevious copyright fee: GBP25.77$c4\3$e01-apr-2015$fGBP25.77$g0$hP$5Uk
=ACF  \\$aPrevious copyright fee: GBP26.63$c4\3$e01-jul-2015$fGBP26.63$g0$hP$5Uk
=ACF  \\$aPrevious copyright fee: GBP25.77$c4\3$e01-oct-2015$fGBP25.77$g0$hP$5Uk
=ACF  \\$aPrevious copyright fee: GBP27.55$c4\3$e01-apr-2016$fGBP27.55$g0$hP$5Uk
=ACF  \\$aPrevious copyright fee: GBP29.59$c4\3$e01-oct-2016$fGBP29.59$g0$hP$5Uk
=ACF  \\$aPrevious copyright fee: GBP31.96$c4\3$e01-apr-2017$fGBP31.96$g0$hP$5Uk
=ACF  \\$aPrevious copyright fee: GBP30.73$c4\3$e01-oct-2017$fGBP30.73$g0$hP$5Uk
=ACF  \\$aPrevious copyright fee: GBP28.54$c4\3$e01-apr-2018$fGBP28.54$g0$hP$5Uk
=LAS  \\$a5410$b40$c20221231$lBLL01$h2022

