=LDR  07640cas a2201513 a 4500
=001  012431818
=003  Uk
=005  20221231202336.0
=006  m\\\\\\\\d\\\\\\\\
=007  cr||||||||||||
=008  040410c19929999vb\mr\p\o\\\\\0\\\a0eng\\
=FMT  \\$a  SE
=019  c\$a102457427
=022  \\$a1608-3199$y1061-9348$z1573-8639$202
=030  \\$aJACTE2
=032  \\$a853800$bUSPS
=035  \\$a(OCoLC)252423550
=037  \\$a???$bSpringer
=040  \\$aLGG$beng$cLGG$dAUD$dCO3$dOCLCQ$dOCLCF$dOCLCO$dOCLCQ$dUk
=041  1\$aeng$hrus
=042  \\$aukblsr$aissnuk
=050  14$aQD71$b.J6
=082  04$a543.05$223
=130  0\$aZhurnal analiticheskoĭ khimii.$lEnglish (Online)
=210  0\$aJ. anal. chem.$b(Online)
=222  \0$aJournal of analytical chemistry$b(Online)
=245  10$aJournal of analytical chemistry$h[electronic resource].
=264  \1$a[Moscow] :$bMAIK "Nauka/Interperiodica"
=264  21$a[Moscow] :$bPleiades Publishing, Ltd.
=264  31$a[Tortola, British Virgin Islands] :$bPleiades Publishing
=300  \\$billustrations (black and white)
=310  \\$aMonthly
=336  \\$atext$2rdacontent
=337  \\$acomputer$2rdamedia
=338  \\$aonline resource$2rdacarrier
=362  1\$aPrint began with: Vol. 46, no. 11, pt. 2 (Nov. 1991).
=500  \\$aTitle from cover.
=500  \\$aFormerly published: New York : Consultants Bureau.
=510  0\$aChemical abstracts,$b1995-,$x0009-2258
=515  \\$aCarries vol. numbering and date of the original; in addition, has month and year of U.S. publication; i.e. issues for v. 46, no. 11, pt. 2 (Nov. 1991)- are also designated: May 10, 1992-
=550  \\$aIssued by: Rossiĭskai︠a︡ akademii︠a︡ nauk.
=580  \\$aOriginal print version of this title translated from the Russian: Zhurnal analiticheskoĭ khimii.
=580  \\$aOriginal print version of this title was preceded by an earlier title: Journal of analytical chemistry of the USSR.
=588  \\$aLatest issue consulted: volume 77, issue 12 (December 2022) (SpringerLink, viewed December 2, 2022).
=540  \\$aCurrent copyright fee: GBP29.95$c22\1$5Uk
=650  \0$aChemistry, Analytic$vPeriodicals.
=655  \7$aPeriodicals.$2fast
=710  2\$aRossiĭskai︠a︡ akademii︠a︡ nauk.
=776  08$iAlso issued in print as:$tZhurnal analiticheskoĭ khimii. English. Journal of analytical chemistry$x1061-9348
=859  \\$aELD$bejournal
=856  40$uhttps://www.springer.com/journal/10809
=856  40$uhttp://mclink.library.mcgill.ca/sfx?url_ver=Z39.88-2004&ctx_ver=Z39.88-2004&ctx_enc=info:ofi/enc:UTF-8&rfr_id=info:sid/sfxit.com:opac_856&url_ctx_fmt=info:ofi/fmt:kev:mtx:ctx&sfx.ignore_date_threshold=1&rft.object_id=954925598619&svc_val_fmt=info:ofi/fmt:kev:mtx:sch_svc&
=856  \\$ahttp://estar.bl.uk/cgi-bin/sciserv.pl?collection=journals&journal=10619348&issue=v55i0012
=856  \\$31850-9999$uhttp://www.springer.com/gb/$xBLDSS
=859  \\$aXLD$bejournal
=852  41$aBritish Library$bDSC$j0412.990000$3Volume 55:Issue 12(2000)-Volume 73:Issue 2(2018)***See ESTAR for full holdings.
=852  41$aBritish Library$bHMNTS$jELD Digital store$3Volume 72:Number 12(2017)-
=945  \\$aJournal of analytical chemistry c/c of Zhurnal analiticheskoi khimii
=959  \\$fHeld but not currently received
=979  \\$aBritish Library$bDSC$j0412.990000
=985  \\$aCONFERENCE ANALYTIC RECORDS EXIST
=985  \\$aISSN responsibility transferred from ISSN Russia (02/12/22)
=A02  \\$a102457427
=CAT  \\$aCONV$b00$c20040425$lBLL90$h0712
=CAT  \\$aBATCH-UPD$b00$c20160217$lBLL01$h1856
=CAT  \\$aIPL-CLA$c20160331$lBLL01$h1721
=CAT  \\$aBATCH-UPD$b00$c20160524$lBLL01$h2155
=CAT  \\$aBATCH-UPD$b00$c20160524$lBLL01$h2243
=CAT  \\$aBATCH-UPD$b00$c20160824$lBLL01$h1914
=CAT  \\$aIPL-CLA$c20160930$lBLL01$h1558
=CAT  \\$a8323$b40$c20161108$lBLL01$h1408
=CAT  \\$aBATCH-UPD$b40$c20170216$lBLL01$h1959
=CAT  \\$aIPL-CLA$c20170331$lBLL01$h1840
=CAT  \\$aBATCH-UPD$b00$c20170904$lBLL01$h2030
=CAT  \\$aIPL-CLA$c20170929$lBLL01$h1724
=CAT  \\$aBATCH-UPD$b00$c20180223$lBLL01$h1929
=CAT  \\$aIPL-CLA$c20180331$lBLL01$h1615
=CAT  \\$aW1805-0475$c20180520$lBLL01$h1631
=CAT  \\$aBATCH-UPD$b00$c20180524$lBLL01$h1809
=CAT  \\$aIPL-CLA$c20180630$lBLL01$h1914
=CAT  \\$aW1908-0780$b00$c20200730$lBLL01$h1322
=CAT  \\$a15190$b40$c20210114$lBLL01$h1641
=CAT  \\$aCDS21$c20220118$lBLL01$h1104
=CAT  \\$aBATCH-UPD$b00$c20221121$lBLL01$h1359
=CAT  \\$a10806$b40$c20221202$lBLL01$h1314
=CAT  \\$a10806$b40$c20221202$lBLL01$h1504
=CAT  \\$a10806$b40$c20221222$lBLL01$h0955
=CAT  \\$aIPL-CLA$c20221231$lBLL01$h1444
=CAT  \\$a5410$b40$c20221231$lBLL01$h2023
=CFI  0\$aCurrent copyright fee: GBP29.95$c22\1$e01-jan-2023$fGBP29.95$g0$hP$5Uk
=CFI  2\$aPrevious copyright fee: GBP34.00$c22\1$e01-jul-2018$fGBP34.00$g0$hP$5Uk
=EST  \\$a1
=FFP  \\$aY$bBLDSS-3PM
=FIN  \\$aY
=LEO  \\$aMP10.0000629088
=LKR  \\$aPAR$b009180862$lBLL01$r776$mJournal of analytical chemistry (Online)$nJournal of analytical chemistry (Print)
=MNI  \\$a1061-9348
=SID  \\$aZ39$bOCLC
=SRC  \\$aDSS01$bbibmp10.200404.2.aa
=TCO  \\$aNLD$bSTICHTING REPRORECHT$c008
=TCO  \\$aTRS$bCCC$c008
=TOC  \\$aETOC
=UNO  \\$aY
=ACF  \\$aPrevious copyright fee: GBP21.25$c4\3$e01-jan-2009$fGBP21.25$g0$hP$5Uk
=ACF  \\$aPrevious copyright fee: GBP16.75$c4\3$e01-jan-2007$fGBP16.75$g0$hP$5Uk
=ACF  \\$aPrevious copyright fee: GBP16.22$c4\3$e01-oct-2006$fGBP16.22$g0$hP$5Uk
=ACF  \\$aPrevious copyright fee: GBP17.14$c4\3$e01-apr-2006$fGBP17.14$g0$hP$5Uk
=ACF  \\$aPrevious copyright fee: GBP16.67$c4\3$e01-jan-2006$fGBP16.67$g0$hP$5Uk
=ACF  \\$aPrevious copyright fee: GBP16.22$c4\3$e01-apr-2005$fGBP16.22$g0$hP$5Uk
=ACF  \\$aPrevious copyright fee: GBP16.67$c4\3$e01-jan-2005$fGBP16.67$g0$hP$5Uk
=ACF  \\$aPrevious copyright fee: GBP13.51$c4\3$e30-nov-2004$fGBP13.51$g0$hP$5Uk
=ACF  \\$aCurrent copyright fee: GBP13.51$c4\3$e01-apr-2004$fGBP13.51$g0$hP$5Uk
=ACF  \\$aCurrent copyright fee: GBP14.71$c4\3$e01-jan-2004$fGBP14.71$g0$hP$5Uk
=ACF  \\$aCurrent copyright fee: GBP15.63$c4\3$e01-jan-2003$fGBP15.63$g0$hP$5Uk
=ACF  \\$aPrevious copyright fee: GBP22.00$c4\3$e01-apr-2009$fGBP22.00$g0$hP$5Uk
=ACF  \\$aPrevious copyright fee: GBP22.00$c4\3$e12-aug-2012$fGBP22.00$g0$hP$5Uk
=ACF  \\$aPrevious copyright fee: GBP25.00$c4\3$e01-jan-2013$fGBP25.00$g0$hP$5Uk
=ACF  \\$aPrevious copyright fee: GBP25.77$c4\3$e01-jul-2013$fGBP25.77$g0$hP$5Uk
=ACF  \\$aPrevious copyright fee: GBP24.97$c4\3$e01-jan-2014$fGBP24.97$g0$hP$5Uk
=ACF  \\$aPrevious copyright fee: GBP24.21$c4\3$e01-jul-2014$fGBP24.21$g0$hP$5Uk
=ACF  \\$aPrevious copyright fee: GBP25.77$c4\3$e01-apr-2015$fGBP25.77$g0$hP$5Uk
=ACF  \\$aPrevious copyright fee: GBP26.63$c4\3$e01-jul-2015$fGBP26.63$g0$hP$5Uk
=ACF  \\$aPrevious copyright fee: GBP25.77$c4\3$e01-oct-2015$fGBP25.77$g0$hP$5Uk
=ACF  \\$aPrevious copyright fee: GBP27.55$c4\3$e01-apr-2016$fGBP27.55$g0$hP$5Uk
=ACF  \\$aPrevious copyright fee: GBP29.59$c4\3$e01-oct-2016$fGBP29.59$g0$hP$5Uk
=ACF  \\$aPrevious copyright fee: GBP31.96$c4\3$e01-apr-2017$fGBP31.96$g0$hP$5Uk
=ACF  \\$aPrevious copyright fee: GBP30.73$c4\3$e01-oct-2017$fGBP30.73$g0$hP$5Uk
=ACF  \\$aPrevious copyright fee: GBP28.54$c4\3$e01-apr-2018$fGBP28.54$g0$hP$5Uk
=LAS  \\$a5410$b40$c20221231$lBLL01$h2023

