=LDR  05857cas a2201309 a 4500
=001  013091814
=003  Uk
=005  20221231144559.0
=006  m\\\\\\\\d\\\\\\\\
=007  cr\un|||||||||
=008  050615c19739999gw\mr\pss\\\\\0\\\\0eng\c
=FMT  \\$a  SE
=010  \\$a2008233039
=022  0\$a1432-1998$y0301-0449
=035  \\$a(OCoLC)60637809
=037  \\$a???$bSpringer
=040  \\$aOCLCS$cOCLCS$dOCLCQ$dCOO$dOCL$dGUA$dOCLCQ$dCLU$dUk
=042  \\$apcc$aukblsr
=050  14$aRJ51.R3
=060  \4$aW1$bPE173
=082  04$a618.9200757$223
=130  0\$aPediatric radiology (Online)
=210  0\$aPediatr. radiol.$b(Internet)
=222  \0$aPediatric radiology$b(Internet)
=245  10$aPediatric radiology$h[electronic resource].
=260  \\$aBerlin :$bSpringer
=310  \\$aMonthly,$b1996-
=321  \\$aSix to eight issues yearly,$b1982-1995
=321  \\$aQuarterly,$b1973-1981
=336  \\$atext$2rdacontent
=337  \\$acomputer$2rdamedia
=338  \\$aonline resource$2rdacarrier
=362  1\$aPrint began with vol. 1, no. 1 in Mar. 1973.
=525  \\$aSupplements accompany some issues.
=550  \\$aOfficial journal of: the European Society of Pediatric Radiology, and 3 others, <2010->.
=588  \\$aDescription based on: Vol. 27, no. 1 (Jan. 1997); title from contents screen (SpringerLink, viewed Jan. 11, 2008).
=588  \\$aLatest issue consulted: vol. 41, no. 7 (July 2011), (SpringerLink, viewed 2nd Aug., 2011).
=540  \\$aCurrent copyright fee: GBP34.95$c22\1$5Uk
=650  \0$aPediatric radiology$vPeriodicals.
=650  \2$aRadiography$vPeriodicals.
=650  \2$aRadiotherapy$vPeriodicals.
=650  22$aChild.
=650  22$aInfant.
=710  2\$aEuropean Society for Pediatric Radiology.
=776  08$iPrint version:$tPediatric radiology$x0301-0449
=859  \\$aELD$bejournal
=856  \\$31850-9999$uhttp://www.springer.com/gb/$xBLDSS
=856  40$ahttp://www.springerlink.com/content/0301-0449
=856  40$uhttp://www.springerlink.com/content/100483/
=859  \\$aXLD$bejournal
=852  \\$aBritish Library$bDSC$j6417.606000$3Volume 32:Issue 1(2002)-Volume 48:Issue 4(2018)***See ESTAR for full holdings.
=852  41$aBritish Library$bHMNTS$jELD Digital store$3Volume 48:Issue 3(2018)-
=945  \\$aPEDIATRIC RADIOLOGY.
=959  \\$fHeld but not currently received
=979  \\$aBritish Library$bDSC$j6417.606000
=985  \\$aCONFERENCE ANALYTIC RECORDS EXIST
=CAT  \\$a7174$b40$c20050125$lBLL01$h1627
=CAT  \\$aBATCH-UPD$b00$c20150820$lBLL01$h1837
=CAT  \\$aIPL-CLA$c20150930$lBLL01$h1806
=CAT  \\$aBATCH-UPD$b00$c20160217$lBLL01$h1727
=CAT  \\$aIPL-CLA$c20160331$lBLL01$h1727
=CAT  \\$aBATCH-UPD$b00$c20160520$lBLL01$h0839
=CAT  \\$aBATCH-UPD$b00$c20160524$lBLL01$h2210
=CAT  \\$aBATCH-UPD$b00$c20160824$lBLL01$h1755
=CAT  \\$aIPL-CLA$c20160930$lBLL01$h1603
=CAT  \\$aBATCH-UPD$b00$c20170216$lBLL01$h1843
=CAT  \\$aIPL-CLA$c20170331$lBLL01$h1844
=CAT  \\$aBATCH-UPD$b00$c20170904$lBLL01$h1851
=CAT  \\$aIPL-CLA$c20170929$lBLL01$h1728
=CAT  \\$aBATCH-UPD$b00$c20180223$lBLL01$h1720
=CAT  \\$aIPL-CLA$c20180331$lBLL01$h1620
=CAT  \\$aW1805-0475$c20180520$lBLL01$h1631
=CAT  \\$aBATCH-UPD$b00$c20180524$lBLL01$h1714
=CAT  \\$aIPL-CLA$c20180630$lBLL01$h1916
=CAT  \\$aW1908-0780$b00$c20200730$lBLL01$h1328
=CAT  \\$a15190$b40$c20210325$lBLL01$h1013
=CAT  \\$a5552$b40$c20210824$lBLL01$h1119
=CAT  \\$aIPL-CLA$c20210930$lBLL01$h1528
=CAT  \\$aCDS21$c20220118$lBLL01$h1105
=CAT  \\$aBATCH-UPD$b00$c20221121$lBLL01$h1411
=CAT  \\$a5410$b40$c20221206$lBLL01$h1128
=CAT  \\$aIPL-CLA$c20221231$lBLL01$h1445
=CFI  0\$aCurrent copyright fee: GBP34.95$c22\1$e01-jan-2023$fGBP34.95$g0$hP$5Uk
=CFI  2\$aPrevious copyright fee: GBP43.00$c22\1$e01-oct-2021$fGBP43.00$g0$hP$5Uk
=EST  \\$a1
=FFP  \\$aY$bBLDSS-3PM
=FIN  \\$aY$d20110802
=LKR  \\$aPAR$b007191320$lBLL01$r776$mPediatric radiology (Internet)$nPediatric radiology
=MNI  \\$a0301-0449
=SID  \\$aZ39$bOCLC
=TCO  \\$aDEU$bVG WORT$c008
=TOC  \\$aETOC
=UNO  \\$aY
=ACF  \\$aPrevious copyright fee: GBP16.67$c22\3$e01-jan-2006$fGBP16.67$g0$hP$5Uk
=ACF  \\$aPrevious copyright fee: GBP16.22$c22\3$e01-apr-2005$fGBP16.22$g0$hP$5Uk
=ACF  \\$aPrevious copyright fee: GBP16.67$c22\3$e01-jan-2005$fGBP16.67$g0$hP$5Uk
=ACF  \\$aPrevious copyright fee: GBP17.14$c22\3$e01-apr-2006$fGBP17.14$g0$hP$5Uk
=ACF  \\$aPrevious copyright fee: GBP22.00$c22\3$e12-aug-2012$fGBP22.00$g0$hP$5Uk
=ACF  \\$aPrevious copyright fee: GBP25.00$c22\3$e01-jan-2013$fGBP25.00$g0$hP$5Uk
=ACF  \\$aPrevious copyright fee: GBP25.77$c22\3$e01-jul-2013$fGBP25.77$g0$hP$5Uk
=ACF  \\$aPrevious copyright fee: GBP24.97$c22\3$e01-jan-2014$fGBP24.97$g0$hP$5Uk
=ACF  \\$aPrevious copyright fee: GBP24.21$c22\3$e01-jul-2014$fGBP24.21$g0$hP$5Uk
=ACF  \\$aPrevious copyright fee: GBP25.77$c22\3$e01-apr-2015$fGBP25.77$g0$hP$5Uk
=ACF  \\$aPrevious copyright fee: GBP26.63$c22\3$e01-jul-2015$fGBP26.63$g0$hP$5Uk
=ACF  \\$aPrevious copyright fee: GBP25.77$c22\3$e01-oct-2015$fGBP25.77$g0$hP$5Uk
=ACF  \\$aPrevious copyright fee: GBP27.55$c22\3$e01-apr-2016$fGBP27.55$g0$hP$5Uk
=ACF  \\$aPrevious copyright fee: GBP29.59$c22\3$e01-oct-2016$fGBP29.59$g0$hP$5Uk
=ACF  \\$aPrevious copyright fee: GBP31.96$c22\3$e01-apr-2017$fGBP31.96$g0$hP$5Uk
=ACF  \\$aPrevious copyright fee: GBP30.73$c22\3$e01-oct-2017$fGBP30.73$g0$hP$5Uk
=ACF  \\$aPrevious copyright fee: GBP28.54$c22\3$e01-apr-2018$fGBP28.54$g0$hP$5Uk
=ACF  \\$aPrevious copyright fee: GBP34.00$c22\1$e01-jul-2018$fGBP34.00$g0$hP$5Uk
=LAS  \\$aIPL-CLA$b00$c20221231$lBLL01$h1445

