=LDR  06994cas a2201465 i 4500
=001  012433916
=003  Uk
=005  20230425083244.0
=006  m\\\\\|\\d\|\\\\\\
=007  cr\|||||||||||
=008  040410c19789999enkbr\p\s\\\\\0\\\a0eng\\
=FMT  \\$a  SE
=015  \\$aGBB9H8800$2bnb
=019  c\$a102094144
=022  0\$a1573-2665$y0141-8955
=037  \\$aISSN_01418955_2$bPortico$nWiley
=040  \\$aUk$beng$cUk$dUk$erda
=042  \\$aukblsr
=082  04$a616.39042$223
=210  0\$aJ. inherit. metab. dis.$b(Dordrecht. Online)
=222  \0$aJournal of inherited metabolic disease$b(Dordrecht. Online)
=245  00$aJournal of inherited metabolic disease.
=246  10$aJIMD
=264  \1$aLancaster :$bM.T.P. Press for the Society for the Study of Inborn Errors of Metabolism,$c1978-
=264  21$3-2018$aDordrecht, The Netherlands :$bSpringer
=264  31$32019-$aOxford :$bJohn Wiley & Sons
=300  \\$billustrations (black and white, and colour)
=310  \\$aBi-monthly,$b2004-
=321  \\$aQuarterly,$b1978-1989
=321  \\$aSix no. a year,$b1990-1997
=321  \\$aEight no. a year,$b1998-<2003>
=336  \\$atext$2rdacontent
=337  \\$acomputer$2rdamedia
=338  \\$aonline resource$2rdacarrier
=362  0\$aVolume 1, issue 1 (March 1978)-
=515  \\$aSix issues and one supplement per year.
=500  \\$aTitle from journal contents page (Wiley Online Library, viewed November 5, 2019).
=588  \\$aLatest issue consulted: volume 42, number 5 (September 2019) (viewed November 5, 2019).
=595  \\$aSee also card index.
=540  \\$aCurrent copyright fee: GBP39.00$c35\0$5Uk
=650  \0$aMetabolism, Inborn errors of$vPeriodicals.
=650  \0$aMetabolism$xDisorders$vPeriodicals.
=710  2\$aSociety for the Study of Inborn Errors of Metabolism,$eissuing body.
=776  08$iAlso issued in print as:$tJournal of inherited metabolic disease$x0141-8955
=787  0\$tJIMD reports$x2192-8312
=856  40$ahttps://onlinelibrary.wiley.com/loi/15732665
=856  4\$31850-9999$uhttp://www.springer.com/gb/$xBLDSS
=859  \\$aELD$bejournal
=859  \\$aXLD$bejournal
=852  41$aBritish Library$bHMNTS$jELD Digital store$3Volume 36:Issue 1(2013)-
=852  41$aBritish Library$bDSC$j5006.950000$3Volume 20:Issue 1(1997)-Volume 41:Issue 2(2018)***See ESTAR for full holdings.
=945  \\$aJournal of inherited metabolic disease.
=959  \\$fHeld but not currently received
=963  \\$aCA/M-7 1978-$bN
=979  \\$aBritish Library$bDSC$j5006.950000
=985  \\$aCorrected by BSS-generated file for WR# 08/157
=985  \\$aCONFERENCE ANALYTIC RECORDS EXIST
=A02  \\$a102094144
=CAT  \\$aCONV$b00$c20040425$lBLL90$h0713
=CAT  \\$aBATCH-UPD$b40$c20170904$lBLL01$h1803
=CAT  \\$aIPL-CLA$c20170929$lBLL01$h1725
=CAT  \\$aBATCH-UPD$b00$c20180223$lBLL01$h1619
=CAT  \\$aIPL-CLA$c20180331$lBLL01$h1615
=CAT  \\$aW1805-0475$c20180520$lBLL01$h1631
=CAT  \\$aBATCH-UPD$b00$c20180524$lBLL01$h1652
=CAT  \\$aIPL-CLA$c20180630$lBLL01$h1914
=CAT  \\$a5552$b40$c20181214$lBLL01$h1409
=CAT  \\$aIPL-CLA$c20181231$lBLL01$h1540
=CAT  \\$a15005$b40$c20190108$lBLL01$h1129
=CAT  \\$a5410$b40$c20190115$lBLL01$h1327
=CAT  \\$a5552$b40$c20190116$lBLL01$h0911
=CAT  \\$a10983$b40$c20190121$lBLL01$h1000
=CAT  \\$a14586$b40$c20190405$lBLL01$h1418
=CAT  \\$a10806$b40$c20190925$lBLL01$h1423
=CAT  \\$a8124$b40$c20191105$lBLL01$h1133
=CAT  \\$a8124$b40$c20191105$lBLL01$h1204
=CAT  \\$aR1911-0245$c20191127$lBLL01$h0822
=CAT  \\$aR1911-0245$c20191127$lBLL01$h1045
=CAT  \\$aIPL-CLA$c20191231$lBLL01$h1922
=CAT  \\$aW1908-0780$b00$c20200730$lBLL01$h1324
=CAT  \\$a11033$b40$c20200803$lBLL01$h1214
=CAT  \\$aW2111-0842$c20211208$lBLL01$h1942
=CAT  \\$aIPL-CLA$c20211231$lBLL01$h1542
=CAT  \\$a5410$b40$c20230425$lBLL01$h0832
=CFI  0\$aCurrent copyright fee: GBP39.00$c35\0$e01-jan-2022$fGBP39.00$g0$hP$5Uk
=CFI  2\$aPrevious Copyright Fee: GBP32.00$c35\0$e01-jan-2020$fGBP32.00$g0$hP$5Uk
=EST  \\$a1
=FFP  \\$aY$bBLDSS-3PM
=FIN  \\$aY
=LEO  \\$aMP10.0000631186
=LET  \0$aJournal of inherited metabolic disease (Electronic)
=LKR  \\$aPAR${dollar}b010544668$lBLL01$r776$mJournal of inherited metabolic disease (Online)$nJournal of inherited metabolic disease (Print)
=MNI  \\$a0141-8955
=SRC  \\$aDSS01$bbibmp10.200404.2.aa
=TCO  \\$aCLA$bCLA$c008
=TOC  \\$aETOC
=UNO  \\$aY
=ACF  \\$aPrevious copyright fee: GBP21.25$c13\1$e01-jan-2009$fGBP21.25$g0$hP$5Uk
=ACF  \\$aPrevious copyright fee: GBP16.75$c13\1$e01-jan-2007$fGBP16.75$g0$hP$5Uk
=ACF  \\$aPrevious copyright fee: GBP16.22$c13\1$e01-oct-2006$fGBP16.22$g0$hP$5Uk
=ACF  \\$aPrevious copyright fee: GBP17.14$c13\1$e01-apr-2006$fGBP17.14$g0$hP$5Uk
=ACF  \\$aPrevious copyright fee: GBP16.67$c13\1$e01-jan-2006$fGBP16.67$g0$hP$5Uk
=ACF  \\$aPrevious copyright fee: GBP16.22$c13\1$e01-apr-2005$fGBP16.22$g0$hP$5Uk
=ACF  \\$aPrevious copyright fee: GBP16.67$c13\1$e01-jan-2005$fGBP16.67$g0$hP$5Uk
=ACF  \\$aPrevious copyright fee: GBP13.51$c13\1$e01-apr-2004$fGBP13.51$g0$hP$5Uk
=ACF  \\$aCurrent copyright fee: GBP14.71$c13\1$e01-jan-2004$fGBP14.71$g0$hP$5Uk
=ACF  \\$aCurrent copyright fee: GBP15.63$c13\1$e01-jan-2003$fGBP15.63$g0$hP$5Uk
=ACF  \\$aPrevious copyright fee: GBP22.00$c13\1$e01-apr-2009$fGBP22.00$g0$hP$5Uk
=ACF  \\$aPrevious copyright fee: GBP22.00$c13\1$e12-aug-2012$fGBP22.00$g0$hP$5Uk
=ACF  \\$aPrevious copyright fee: GBP25.00$c13\1$e01-jan-2013$fGBP25.00$g0$hP$5Uk
=ACF  \\$aPrevious copyright fee: GBP25.77$c13\1$e01-jul-2013$fGBP25.77$g0$hP$5Uk
=ACF  \\$aPrevious copyright fee: GBP24.97$c13\1$e01-jan-2014$fGBP24.97$g0$hP$5Uk
=ACF  \\$aPrevious copyright fee: GBP24.21$c13\1$e01-jul-2014$fGBP24.21$g0$hP$5Uk
=ACF  \\$aPrevious copyright fee: GBP25.77$c13\1$e01-apr-2015$fGBP25.77$g0$hP$5Uk
=ACF  \\$aPrevious copyright fee: GBP26.63$c13\1$e01-jul-2015$fGBP26.63$g0$hP$5Uk
=ACF  \\$aPrevious copyright fee: GBP25.77$c13\1$e01-oct-2015$fGBP25.77$g0$hP$5Uk
=ACF  \\$aPrevious copyright fee: GBP27.55$c13\1$e01-apr-2016$fGBP27.55$g0$hP$5Uk
=ACF  \\$aPrevious copyright fee: GBP29.59$c13\1$e01-oct-2016$fGBP29.59$g0$hP$5Uk
=ACF  \\$aPrevious copyright fee: GBP31.96$c13\1$e01-apr-2017$fGBP31.96$g0$hP$5Uk
=ACF  \\$aPrevious copyright fee: GBP30.73$c13\1$e01-oct-2017$fGBP30.73$g0$hP$5Uk
=ACF  \\$aPrevious copyright fee: GBP28.54$c13\1$e01-apr-2018$fGBP28.54$g0$hP$5Uk
=ACF  \\$aPrevious Copyright Fee: GBP17.50$c0$e01-jan-2019$fGBP17.50$g0$hA$5Uk
=ACF  \\$aPrevious copyright fee: GBP34.00$c22\1$e01-jul-2018$fGBP34.00$g0$hP$5Uk
=ACF  \\$aPrevious Copyright Fee: GBP28.00$c35\0$e16-jan-2019$fGBP28.00$g0$hP$5Uk
=LAS  \\$a5410$b40$c20230425$lBLL01$h0832

