=LDR  06462cas a2201213 a 4500
=001  014918919
=003  Uk
=005  20230520112126.0
=006  m\\\\\\\\d\\\\\\\\
=007  cr|bn||||uuuuu
=008  020604c20009999ne\fr\p\s\\\\\0\\\\0eng\d
=FMT  \\$a  SE
=022  \\$a1835-9469$y1443-2447
=035  \\$a(OCoLC)224495510
=037  \\$a???$bSpringer
=040  \\$aAU@$beng$cAU@$dTXJ$dUk
=043  \\$au-at---
=050  \4$aHB848
=082  04$a304.6099405$222
=130  0\$aJournal of population research (Canberra, A.C.T. : Online)
=245  10$aJournal of population research$h[electronic resource].
=260  \\$a[Belconnen, A.C.T.] :$bAPA
=260  3\$aNetherlands :$bSpringer Netherlands
=336  \\$atext$2rdacontent
=337  \\$acomputer$2rdamedia
=338  \\$aonline resource$2rdacarrier
=538  \\$aMode of access: World Wide Web.
=500  \\$aDescription based on print version record.
=500  \\$aLatest issue consulted: Vol. 26, no. 1 (2009) (SpringerLink, viewed Apr. 8, 2009).
=580  \\$aWeb site also provides access to earlier title: Journal of the Australian Population Association.
=540  \\$aCurrent copyright fee: GBP29.95$c22\1$5Uk
=650  \0$aDemography$vPeriodicals.
=651  \0$aAustralia$xPopulation$vPeriodicals.
=690  7\$aSocial Welfare$2blcoll
=710  2\$aAustralian Population Association.
=776  1\$tJournal of population research (Canberra, A.C.T.)$x1443-2447
=859  \\$aELD$bejournal
=856  \\$31850-9999$uhttp://www.springer.com/gb/$xBLDSS
=856  40$uhttp://www.springerlink.com/content/121154/?sortorder=asc&p_o=0
=856  40$3Full text available from APAFT: May 2000 (Vol. 17)-$uhttp://simsrad.net.ocs.mq.edu.au/login?url=http://search.informit.com.au/?sp.dbid.p=S(0H)&sp.form.first.p=srchmain.htm$xISD5: NMQU$zSubscription required for access to the online version
=856  40$3Full text available from APAFT: May 2000 (Vol. 17)-$uhttps://ezproxy.bond.edu.au/login?url=http://search.informit.com.au/search;action=search;res=APAFT$xISD5: QBON$zSubscription required for access to the online version
=856  40$3Full text available from APAFT: May 2000 (Vol. 17)-$uhttp://ncseapps01.cse/dvc/intranet/resources.nsf/AllDocs/B84C84708EC029D7CA256E0500019471?OpenDocument$xISD5: VDVC$zSubscription required for access to the online version
=856  40$3Full text available from APAFT: May 2000 (Vol. 17)-$uhttp://search.informit.com.au$zSubscription required for access to the online version
=856  40$3Full text available from FAMILY & SOCIETY PLUS. Coverage as of July 31, 2007: Vol 19, No. 1 (May 2002)-$uhttp://search.informit.com.au/search;res=FAMILY$zSubscription required for access to the online version
=856  40$3Full text available from INFORMIT E-LIBRARY. Coverage as of Dec. 30, 2006: Vol. 19, no. 1 (2002)-$uhttp://search.informit.com.au/search;res=e-library$zSubscription required for access to the online version
=859  \\$aXLD$bejournal
=852  41$aBritish Library$bDSC$j5041.145300$3Volume 16:Issue 1/2(1999)-Volume 35:Issue 1(2018)***See ESTAR for full holdings.
=852  41$aBritish Library$bHMNTS$jELD Digital store$3Volume 35:Issue 1(2018)-
=945  \\$aJournal of population research -Indooroopilly-
=959  \\$fHeld but not currently received
=979  \\$aBritish Library$bDSC$j5041.145300
=CAT  \\$a8464$b40$c20090302$lBLL01$h0950
=CAT  \\$aIPL-CLA$c20150630$lBLL01$h1704
=CAT  \\$aBATCH-UPD$b00$c20150820$lBLL01$h1831
=CAT  \\$aIPL-CLA$c20150930$lBLL01$h1831
=CAT  \\$aBATCH-UPD$b00$c20160217$lBLL01$h1720
=CAT  \\$aIPL-CLA$c20160331$lBLL01$h1753
=CAT  \\$aBATCH-UPD$b00$c20160519$lBLL01$h1035
=CAT  \\$aBATCH-UPD$b00$c20160524$lBLL01$h2213
=CAT  \\$aBATCH-UPD$b00$c20160824$lBLL01$h1749
=CAT  \\$aIPL-CLA$c20160930$lBLL01$h1624
=CAT  \\$aBATCH-UPD$b00$c20170216$lBLL01$h1836
=CAT  \\$aIPL-CLA$c20170331$lBLL01$h1902
=CAT  \\$aBATCH-UPD$b00$c20170904$lBLL01$h1845
=CAT  \\$aIPL-CLA$c20170929$lBLL01$h1748
=CAT  \\$aBATCH-UPD$b00$c20180223$lBLL01$h1705
=CAT  \\$aIPL-CLA$c20180331$lBLL01$h1642
=CAT  \\$aW1805-0475$c20180520$lBLL01$h1632
=CAT  \\$aBATCH-UPD$b00$c20180524$lBLL01$h1708
=CAT  \\$aIPL-CLA$c20180630$lBLL01$h1928
=CAT  \\$aW1908-0780$b00$c20200730$lBLL01$h1332
=CAT  \\$a5552$b40$c20200818$lBLL01$h1429
=CAT  \\$a15190$b40$c20210303$lBLL01$h1102
=CAT  \\$aCDS21$c20220118$lBLL01$h1105
=CAT  \\$aBATCH-UPD$b00$c20221121$lBLL01$h1403
=CAT  \\$aIPL-CLA$c20221231$lBLL01$h1449
=CAT  \\$a5410$b40$c20230520$lBLL01$h1121
=CFI  0\$aCurrent copyright fee: GBP29.95$c22\1$e01-jan-2023$fGBP29.95$g0$hP$5Uk
=CFI  2\$aPrevious copyright fee: GBP34.00$c22\1$e01-jul-2018$fGBP34.00$g0$hP$5Uk
=EST  \\$a1
=FFP  \\$aY$bBLDSS-3PM
=FIN  \\$aY$d20090408
=LKR  \\$aPAR$b010491638$lBLL01$r776$mJournal of population research (Online)$nJOURNAL OF POPULATION RESEARCH (Print)
=MNI  \\$a1443-2447
=SID  \\$aZ39$bOCLC
=TCO  \\$aNLD$bSTICHTING REPRORECHT$c008
=TCO  \\$aAUS$bCAL$c008
=TOC  \\$aETOC
=UNO  \\$aY
=ACF  \\$aPrevious copyright fee: GBP22.00$c22\1$e02-mar-2009$fGBP22.00$g0$hP$5Uk
=ACF  \\$aPrevious copyright fee: GBP22.00$c22\1$e12-aug-2012$fGBP22.00$g0$hP$5Uk
=ACF  \\$aPrevious copyright fee: GBP25.00$c22\1$e01-jan-2013$fGBP25.00$g0$hP$5Uk
=ACF  \\$aPrevious copyright fee: GBP25.77$c22\1$e01-jul-2013$fGBP25.77$g0$hP$5Uk
=ACF  \\$aPrevious copyright fee: GBP24.97$c22\1$e01-jan-2014$fGBP24.97$g0$hP$5Uk
=ACF  \\$aPrevious copyright fee: GBP24.21$c22\1$e01-jul-2014$fGBP24.21$g0$hP$5Uk
=ACF  \\$aPrevious copyright fee: GBP25.77$c22\1$e01-apr-2015$fGBP25.77$g0$hP$5Uk
=ACF  \\$aPrevious copyright fee: GBP26.63$c22\1$e01-jul-2015$fGBP26.63$g0$hP$5Uk
=ACF  \\$aPrevious copyright fee: GBP25.77$c22\1$e01-oct-2015$fGBP25.77$g0$hP$5Uk
=ACF  \\$aPrevious copyright fee: GBP27.55$c22\1$e01-apr-2016$fGBP27.55$g0$hP$5Uk
=ACF  \\$aPrevious copyright fee: GBP29.59$c22\1$e01-oct-2016$fGBP29.59$g0$hP$5Uk
=ACF  \\$aPrevious copyright fee: GBP31.96$c22\1$e01-apr-2017$fGBP31.96$g0$hP$5Uk
=ACF  \\$aPrevious copyright fee: GBP30.73$c22\1$e01-oct-2017$fGBP30.73$g0$hP$5Uk
=ACF  \\$aPrevious copyright fee: GBP28.54$c22\1$e01-apr-2018$fGBP28.54$g0$hP$5Uk
=LAS  \\$a5410$b40$c20230520$lBLL01$h1121

