=LDR  06382cas a2201225 a 4500
=001  013087314
=003  Uk
=005  20230304013903.0
=006  m\\\\\\\\d\\\\\\\\
=007  cr\cnu||||||||
=008  991108c19899999gw\mx\pso\\\\\0\\\\0eng\c
=FMT  \\$a  SE
=010  \\$a2007233494
=022  0\$a1434-3916$l0936-8051$y0936-8051
=035  \\$a(OCoLC)42787413$z(OCoLC)270883415
=037  \\$a???$bSpringer
=040  \\$aGAT$cGAT$dOH1$dOCLCQ$dMUQ$dOCL$dGUA$dOCLCQ$dUk
=042  \\$aukblsr
=050  14$aRD731
=082  04$a617.47$222
=130  0\$aArchives of orthopaedic and trauma surgery (Online)
=222  \0$aArchives of orthopaedic and trauma surgery$b(Internet)
=245  10$aArchives of orthopaedic and trauma surgery$h[electronic resource].
=246  3\$aArchives of orthopedic and trauma surgery
=260  \\$aBerlin :$bSpringer International
=310  \\$aTen no. a year
=336  \\$atext$2rdacontent
=337  \\$acomputer$2rdamedia
=338  \\$aonline resource$2rdacarrier
=362  1\$aPrint began with vol. 108, no. 1 (Jan. 1989).
=580  \\$aIncludes issues of earlier titles: Archives of orthopaedic and traumatic surgery, and: Archiv für orthopädische und Unfall-Chirurgie, mit besonderer Berücksichtigung der Frakturenlehre und der orthopädisch-chirurgischen Technik, and: Archiv für Orthopädie, Mechanotherapie und Unfallchirurgie.
=588  \\$aDescription based on: Vol. 116 no. 1/2 (Jan. 1997); title from contents screen (SpringerLink, viewed July 25, 2007).
=588  \\$aLatest issue consulted: Vol. 131, no. 4 (Apr. 2011), (viewed Apr. 5, 2011).
=538  \\$aMode of access: World Wide Web.
=540  \\$aCurrent copyright fee: GBP34.95$c22\1$5Uk
=650  \0$aOrthopedics$vPeriodicals.
=650  \0$aWounds and injuries$xSurgery$vPeriodicals.
=776  08$iPrint version:$tArchives of orthopaedic and trauma surgery$x0936-8051
=780  10$tArchives of orthopaedic and traumatic surgery$c(Online)
=859  \\$aELD$bejournal
=856  \\$31850-9999$uhttp://www.springer.com/gb/$xBLDSS
=856  40$uhttp://link.springer-ny.com/link/service/journals/00402/index.htm$zAvailable online, 1997-:
=856  40$uhttp://www.springerlink.com/content/101491/$zIncludes issues of earlier titles: Archives of orthopaedic and traumatic surgery, and: Archiv für orthopädische und Unfall-Chirurgie, mit besonderer Berücksichtigung der Frakturenlehre und der orthopädisch-chirurgischen Technik, and: Archiv für Orthopädie, Mechanotherapie und Unfallchirurgie
=859  \\$aXLD$bejournal
=852  \\$aBritish Library$bDSC$j1638.494900$3Volume 117:Issue 1/2(1997)-Volume 138:Issue 4(2018)***See ESTAR for full holdings.
=852  41$aBritish Library$bHMNTS$jELD Digital store$3Volume 138:Issue 2(2018)-
=945  \\$aArchives of orthopaedic and trauma surgery
=959  \\$fHeld but not currently received
=979  \\$aBritish Library$bDSC$j1638.494900
=CAT  \\$a7174$b40$c20050119$lBLL01$h1404
=CAT  \\$aBATCH-UPD$b00$c20150820$lBLL01$h1837
=CAT  \\$aIPL-CLA$c20150930$lBLL01$h1806
=CAT  \\$aBATCH-UPD$b00$c20160217$lBLL01$h1727
=CAT  \\$aIPL-CLA$c20160331$lBLL01$h1726
=CAT  \\$aBATCH-UPD$b00$c20160520$lBLL01$h0923
=CAT  \\$aBATCH-UPD$b00$c20160524$lBLL01$h2209
=CAT  \\$aBATCH-UPD$b00$c20160824$lBLL01$h1754
=CAT  \\$aIPL-CLA$c20160930$lBLL01$h1603
=CAT  \\$aBATCH-UPD$b00$c20170216$lBLL01$h1843
=CAT  \\$aIPL-CLA$c20170331$lBLL01$h1844
=CAT  \\$aBATCH-UPD$b00$c20170904$lBLL01$h1851
=CAT  \\$aIPL-CLA$c20170929$lBLL01$h1728
=CAT  \\$aBATCH-UPD$b00$c20180223$lBLL01$h1720
=CAT  \\$aIPL-CLA$c20180331$lBLL01$h1619
=CAT  \\$aW1805-0475$c20180520$lBLL01$h1631
=CAT  \\$aBATCH-UPD$b00$c20180524$lBLL01$h1713
=CAT  \\$aIPL-CLA$c20180630$lBLL01$h1916
=CAT  \\$aW1908-0780$b00$c20200730$lBLL01$h1326
=CAT  \\$a15190$b40$c20201006$lBLL01$h0924
=CAT  \\$a5552$b40$c20210810$lBLL01$h0930
=CAT  \\$aIPL-CLA$c20210930$lBLL01$h1527
=CAT  \\$aCDS21$c20220118$lBLL01$h1104
=CAT  \\$aBATCH-UPD$b00$c20221121$lBLL01$h1411
=CAT  \\$aIPL-CLA$c20221231$lBLL01$h1445
=CAT  \\$a5410$b40$c20230304$lBLL01$h0139
=CFI  0\$aCurrent copyright fee: GBP34.95$c22\1$e01-jan-2023$fGBP34.95$g0$hP$5Uk
=CFI  2\$aPrevious copyright fee: GBP43.00$c22\1$e01-oct-2021$fGBP43.00$g0$hP$5Uk
=EST  \\$a1
=FFP  \\$aY$bBLDSS-3PM
=FIN  \\$aY$d20110405
=LKR  \\$aPAR$b008908162$lBLL01$r776$mArchives of orthopaedic and trauma surgery (Online)$nArchives of orthopaedic and trauma surgery (Print)
=MNI  \\$a0936-8051
=SID  \\$aZ39$bOCLC
=TCO  \\$aDEU$bVG WORT$c008
=TOC  \\$aETOC
=UNO  \\$aY
=ACF  \\$aPrevious copyright fee: GBP16.67$c22\3$e01-jan-2006$fGBP16.67$g0$hP$5Uk
=ACF  \\$aPrevious copyright fee: GBP16.22$c22\3$e01-apr-2005$fGBP16.22$g0$hP$5Uk
=ACF  \\$aPrevious copyright fee: GBP16.67$c22\3$e01-jan-2005$fGBP16.67$g0$hP$5Uk
=ACF  \\$aPrevious copyright fee: GBP17.14$c22\3$e01-apr-2006$fGBP17.14$g0$hP$5Uk
=ACF  \\$aPrevious copyright fee: GBP22.00$c22\3$e12-aug-2012$fGBP22.00$g0$hP$5Uk
=ACF  \\$aPrevious copyright fee: GBP25.00$c22\3$e01-jan-2013$fGBP25.00$g0$hP$5Uk
=ACF  \\$aPrevious copyright fee: GBP25.77$c22\3$e01-jul-2013$fGBP25.77$g0$hP$5Uk
=ACF  \\$aPrevious copyright fee: GBP24.97$c22\3$e01-jan-2014$fGBP24.97$g0$hP$5Uk
=ACF  \\$aPrevious copyright fee: GBP24.21$c22\3$e01-jul-2014$fGBP24.21$g0$hP$5Uk
=ACF  \\$aPrevious copyright fee: GBP25.77$c22\3$e01-apr-2015$fGBP25.77$g0$hP$5Uk
=ACF  \\$aPrevious copyright fee: GBP26.63$c22\3$e01-jul-2015$fGBP26.63$g0$hP$5Uk
=ACF  \\$aPrevious copyright fee: GBP25.77$c22\3$e01-oct-2015$fGBP25.77$g0$hP$5Uk
=ACF  \\$aPrevious copyright fee: GBP27.55$c22\3$e01-apr-2016$fGBP27.55$g0$hP$5Uk
=ACF  \\$aPrevious copyright fee: GBP29.59$c22\3$e01-oct-2016$fGBP29.59$g0$hP$5Uk
=ACF  \\$aPrevious copyright fee: GBP31.96$c22\3$e01-apr-2017$fGBP31.96$g0$hP$5Uk
=ACF  \\$aPrevious copyright fee: GBP30.73$c22\3$e01-oct-2017$fGBP30.73$g0$hP$5Uk
=ACF  \\$aPrevious copyright fee: GBP28.54$c22\3$e01-apr-2018$fGBP28.54$g0$hP$5Uk
=ACF  \\$aPrevious copyright fee: GBP34.00$c22\1$e01-jul-2018$fGBP34.00$g0$hP$5Uk
=LAS  \\$a5410$b40$c20230304$lBLL01$h0139

