=LDR  05777cas a2201213 a 4500
=001  013088844
=003  Uk
=005  20230421201623.0
=006  m\\\\\\\\d\\\\\\\\
=007  cr\mnu||||||||
=008  010910c20019999gw\bx\pso\\\\\0\\\a0eng\c
=FMT  \\$a  SE
=010  \\$a2004233655
=022  0\$a1615-7605$l1615-7591$y1615-7591
=035  \\$a(OCoLC)47934975
=037  \\$a???$bSpringer
=040  \\$aABC$cABC$dOCLCQ$dGUA$dOCL$dOCLCQ$dUk
=042  \\$aukblsr
=050  14$aTP248.3
=082  04$a660.6$222
=130  0\$aBioprocess and biosystems engineering (Online)
=222  \0$aBioprocess and biosystems engineering$b(Berlin. Internet)
=245  10$aBioprocess and biosystems engineering$h[electronic resource].
=260  \\$aHeidelberg :$bSpringer-Verlag,$cc2001-
=310  \\$a6 no. a year
=336  \\$atext$2rdacontent
=337  \\$acomputer$2rdamedia
=338  \\$aonline resource$2rdacarrier
=362  0\$aVol. 24, no. 1 (Aug. 2001)-
=580  \\$aIncludes issues of earlier title: Bioprocess engineering.
=500  \\$aTitle from contents screen (Springer LINK, viewed May 5, 2004).
=588  \\$aLatest issue consulted: Vol. 34, no. 5 (June 2011), viewed May 24, 2011.
=538  \\$aMode of access: World Wide Web.
=540  \\$aCurrent copyright fee: GBP29.95$c22\1$5Uk
=650  \0$aBiochemical engineering$vPeriodicals.
=650  \0$aBiotechnology$vPeriodicals.
=776  08$iPrint version:$tBioprocess and biosystems engineering$x1615-7591
=780  10$tBioprocess engineering$c(Online)
=859  \\$aELD$bejournal
=856  \\$31850-9999$uhttp://www.springer.com/gb/$xBLDSS
=856  40$uhttp://www.springerlink.com/content/1615-7591/34/5/$zIncludes issues of earlier title: Bioprocess engineering (Online)
=856  40$uhttp://www.springerlink.com/link.asp?id=100401$zIncludes issues of earlier title: Bioprocess engineering (Online)
=856  40$uhttp://www.springerlink.com/openurl.asp?genre=journal&eissn=1615-7605$zIncludes issues of earlier title: Bioprocess engineering (Online)
=859  \\$aXLD$bejournal
=852  41$aBritish Library$bDSC$j2089.474180$3Volume 24:Issue 5(2002)-Volume 41:Issue 4(2018)***See ESTAR for full holdings.
=852  41$aBritish Library$bHMNTS$jELD Digital store$3Volume 41:Issue 2(2018)-
=945  \\$aBIOPROCESS AND BIOSYSTEMS ENGINEERING
=959  \\$fHeld but not currently received
=979  \\$aBritish Library$bDSC$j2089.474180
=CAT  \\$a5552$b40$c20050121$lBLL01$h1335
=CAT  \\$aBATCH-UPD$b00$c20150520$lBLL01$h1749
=CAT  \\$aIPL-CLA$c20150630$lBLL01$h1646
=CAT  \\$aBATCH-UPD$b00$c20150820$lBLL01$h1837
=CAT  \\$aIPL-CLA$c20150930$lBLL01$h1806
=CAT  \\$aBATCH-UPD$b00$c20160217$lBLL01$h1727
=CAT  \\$aIPL-CLA$c20160331$lBLL01$h1726
=CAT  \\$aBATCH-UPD$b00$c20160524$lBLL01$h2209
=CAT  \\$aBATCH-UPD$b00$c20160525$lBLL01$h0017
=CAT  \\$aBATCH-UPD$b00$c20160824$lBLL01$h1754
=CAT  \\$aIPL-CLA$c20160930$lBLL01$h1603
=CAT  \\$aBATCH-UPD$b00$c20170216$lBLL01$h1843
=CAT  \\$aIPL-CLA$c20170331$lBLL01$h1844
=CAT  \\$aBATCH-UPD$b00$c20170904$lBLL01$h1851
=CAT  \\$aIPL-CLA$c20170929$lBLL01$h1728
=CAT  \\$aBATCH-UPD$b00$c20180223$lBLL01$h1720
=CAT  \\$aIPL-CLA$c20180331$lBLL01$h1619
=CAT  \\$aW1805-0475$c20180520$lBLL01$h1631
=CAT  \\$aBATCH-UPD$b00$c20180524$lBLL01$h1713
=CAT  \\$aIPL-CLA$c20180630$lBLL01$h1916
=CAT  \\$aW1908-0780$b00$c20200730$lBLL01$h1326
=CAT  \\$a15190$b40$c20201009$lBLL01$h1221
=CAT  \\$aCDS21$c20220118$lBLL01$h1104
=CAT  \\$aBATCH-UPD$b00$c20221121$lBLL01$h1400
=CAT  \\$aIPL-CLA$c20221231$lBLL01$h1445
=CAT  \\$a5410$b40$c20230421$lBLL01$h2016
=CFI  0\$aCurrent copyright fee: GBP29.95$c22\1$e01-jan-2023$fGBP29.95$g0$hP$5Uk
=CFI  2\$aPrevious copyright fee: GBP34.00$c22\1$e01-jul-2018$fGBP34.00$g0$hP$5Uk
=EST  \\$a1
=FFP  \\$aY$bBLDSS-3PM
=FIN  \\$aY$d20110524
=LKR  \\$aPAR$b011480581$lBLL01$nBioprocess and biosystems engineering (Print)$mBioprocess and biosystems engineering (Online)
=MNI  \\$a1615-7591
=SID  \\$aZ39$bOCLC
=TCO  \\$aDEU$bVG WORT$c008
=TOC  \\$aETOC
=UNO  \\$aY
=ACF  \\$aPrevious copyright fee: GBP16.67$c22\3$e01-jan-2006$fGBP16.67$g0$hP$5Uk
=ACF  \\$aPrevious copyright fee: GBP16.22$c22\3$e01-apr-2005$fGBP16.22$g0$hP$5Uk
=ACF  \\$aPrevious copyright fee: GBP16.67$c22\3$e01-jan-2005$fGBP16.67$g0$hP$5Uk
=ACF  \\$aPrevious copyright fee: GBP17.14$c22\3$e01-apr-2006$fGBP17.14$g0$hP$5Uk
=ACF  \\$aPrevious copyright fee: GBP22.00$c22\3$e12-aug-2012$fGBP22.00$g0$hP$5Uk
=ACF  \\$aPrevious copyright fee: GBP25.00$c22\3$e01-jan-2013$fGBP25.00$g0$hP$5Uk
=ACF  \\$aPrevious copyright fee: GBP25.77$c22\3$e01-jul-2013$fGBP25.77$g0$hP$5Uk
=ACF  \\$aPrevious copyright fee: GBP24.97$c22\3$e01-jan-2014$fGBP24.97$g0$hP$5Uk
=ACF  \\$aPrevious copyright fee: GBP24.21$c22\3$e01-jul-2014$fGBP24.21$g0$hP$5Uk
=ACF  \\$aPrevious copyright fee: GBP25.77$c22\3$e01-apr-2015$fGBP25.77$g0$hP$5Uk
=ACF  \\$aPrevious copyright fee: GBP26.63$c22\3$e01-jul-2015$fGBP26.63$g0$hP$5Uk
=ACF  \\$aPrevious copyright fee: GBP25.77$c22\3$e01-oct-2015$fGBP25.77$g0$hP$5Uk
=ACF  \\$aPrevious copyright fee: GBP27.55$c22\3$e01-apr-2016$fGBP27.55$g0$hP$5Uk
=ACF  \\$aPrevious copyright fee: GBP29.59$c22\3$e01-oct-2016$fGBP29.59$g0$hP$5Uk
=ACF  \\$aPrevious copyright fee: GBP31.96$c22\3$e01-apr-2017$fGBP31.96$g0$hP$5Uk
=ACF  \\$aPrevious copyright fee: GBP30.73$c22\3$e01-oct-2017$fGBP30.73$g0$hP$5Uk
=ACF  \\$aPrevious copyright fee: GBP28.54$c22\3$e01-apr-2018$fGBP28.54$g0$hP$5Uk
=LAS  \\$a5410$b40$c20230421$lBLL01$h2016

