=LDR  05904cas a2201273 a 4500
=001  013089646
=003  Uk
=005  20221231144555.0
=006  m\\\\\\\\d\\\\\\\\
=007  cr||||||||||||
=008  000107c19959999gw\qx\pss\\\\\0\\\a0eng\c
=FMT  \\$a  SE
=010  \\$a2001229193
=022  \\$a1435-0157$l1431-2174
=035  \\$a(OCoLC)43206850
=037  \\$a???$bSpringer
=040  \\$aGAT$cGAT$dFUG$dOCLCQ$dMUQ$dOCL$dOCLCQ$dUk
=041  0\$aeng$bfre$bspa
=042  \\$aukblsr
=050  \4$aGB1003.2
=082  04$a551.49$223
=130  0\$aHydrogeology journal (Online)
=222  \0$aHydrogeology journal$b(Internet)
=245  10$aHydrogeology journal$h[electronic resource].
=260  \\$aBerlin :$bSpringer
=310  \\$aFour no. a year
=336  \\$atext$2rdacontent
=337  \\$acomputer$2rdamedia
=338  \\$aonline resource$2rdacarrier
=362  1\$aPrint began with vol. 3, no. 1 (1995).
=530  \\$aAlso issued in print.
=538  \\$aMode of access: World Wide Web.
=546  \\$aIn English; abstracts in French and Spanish.
=550  \\$aOfficial journal of the International Association of Hydrogeologists.
=550  \\$a"Co-sponsored by the Hydrogeology Division of the Geological Society of America."
=580  \\$aIncludes issues of earlier title: Applied hydrogeology.
=588  \\$aDescription based on: Vol. 6, issue 1 (1998); title from title screen (viewed June 12, 2001).
=588  \\$aLatest issue consulted: Vol. 19, no. 4 (June 2011) (SpringerLink, viewed July 15, 2011).
=540  \\$aCurrent copyright fee: GBP29.95$c22\1$5Uk
=650  \0$aHydrogeology$vPeriodicals.
=710  2\$aInternational Association of Hydrogeologists.
=710  2\$aGeological Society of America.$bHydrogeology Division.
=776  1\$tHydrogeology journal$x1431-2174
=780  10$tApplied hydrogeology
=859  \\$aELD$bejournal
=856  \\$31850-9999$uhttp://www.springer.com/gb/$xBLDSS
=856  4\$uhttp://firstsearch.oclc.org$zAddress for accessing the journal using authorization number and password through OCLC FirstSearch Electronic Collections Online
=856  40$uhttp://link.springer-ny.com/link/service/journals/10040/index.htm$zAvailable online, 1998-:
=859  \\$aXLD$bejournal
=852  41$aBritish Library$bDSC$j4344.550000$3Volume 5:Issue 1(1997)-Volume 26:Issue 2(2018)***See ESTAR for full holdings.
=852  41$aBritish Library$bHMNTS$jELD Digital store$3Volume 26:Issue 2(2018)-
=945  \\$aHYDROGEOLOGY JOURNAL.
=959  \\$fHeld but not currently received
=979  \\$aBritish Library$bDSC$j4344.550000
=CAT  \\$a10902$b40$c20050123$lBLL01$h1013
=CAT  \\$aBATCH-UPD$b00$c20150520$lBLL01$h1750
=CAT  \\$aIPL-CLA$c20150630$lBLL01$h1646
=CAT  \\$aBATCH-UPD$b00$c20150820$lBLL01$h1837
=CAT  \\$aIPL-CLA$c20150930$lBLL01$h1806
=CAT  \\$aBATCH-UPD$b00$c20160217$lBLL01$h1727
=CAT  \\$aIPL-CLA$c20160331$lBLL01$h1726
=CAT  \\$aBATCH-UPD$b00$c20160524$lBLL01$h2209
=CAT  \\$aBATCH-UPD$b00$c20160525$lBLL01$h0018
=CAT  \\$aBATCH-UPD$b00$c20160824$lBLL01$h1755
=CAT  \\$aIPL-CLA$c20160930$lBLL01$h1603
=CAT  \\$aBATCH-UPD$b00$c20170216$lBLL01$h1843
=CAT  \\$aIPL-CLA$c20170331$lBLL01$h1844
=CAT  \\$aBATCH-UPD$b00$c20170904$lBLL01$h1851
=CAT  \\$aIPL-CLA$c20170929$lBLL01$h1728
=CAT  \\$aBATCH-UPD$b00$c20180223$lBLL01$h1720
=CAT  \\$aIPL-CLA$c20180331$lBLL01$h1619
=CAT  \\$aW1805-0475$c20180520$lBLL01$h1631
=CAT  \\$aBATCH-UPD$b00$c20180524$lBLL01$h1713
=CAT  \\$aIPL-CLA$c20180630$lBLL01$h1916
=CAT  \\$aW1908-0780$b00$c20200730$lBLL01$h1327
=CAT  \\$a15190$b40$c20201123$lBLL01$h1258
=CAT  \\$aCDS21$c20220118$lBLL01$h1105
=CAT  \\$aBATCH-UPD$b00$c20221121$lBLL01$h1400
=CAT  \\$a5410$b40$c20221202$lBLL01$h2003
=CAT  \\$aIPL-CLA$c20221231$lBLL01$h1445
=CFI  0\$aCurrent copyright fee: GBP29.95$c22\1$e01-jan-2023$fGBP29.95$g0$hP$5Uk
=CFI  2\$aPrevious copyright fee: GBP34.00$c22\1$e01-jul-2018$fGBP34.00$g0$hP$5Uk
=EST  \\$a1
=FFP  \\$aY$bBLDSS-3PM
=FIN  \\$aY$d20110715
=LKR  \\$aPAR$b009208428$lBLL01$r776$mHydrogeology journal$nHYDROGEOLOGY JOURNAL.
=MNI  \\$a1431-2174
=SID  \\$aZ39$bOCLC
=TCO  \\$aDEU$bVG WORT$c008
=TOC  \\$aETOC
=UNO  \\$aY
=ACF  \\$aPrevious copyright fee: GBP16.67$c22\3$e01-jan-2006$fGBP16.67$g0$hP$5Uk
=ACF  \\$aPrevious copyright fee: GBP16.22$c22\3$e01-apr-2005$fGBP16.22$g0$hP$5Uk
=ACF  \\$aPrevious copyright fee: GBP16.67$c22\3$e01-jan-2005$fGBP16.67$g0$hP$5Uk
=ACF  \\$aPrevious copyright fee: GBP17.14$c22\3$e01-apr-2006$fGBP17.14$g0$hP$5Uk
=ACF  \\$aPrevious copyright fee: GBP22.00$c22\3$e12-aug-2012$fGBP22.00$g0$hP$5Uk
=ACF  \\$aPrevious copyright fee: GBP25.00$c22\3$e01-jan-2013$fGBP25.00$g0$hP$5Uk
=ACF  \\$aPrevious copyright fee: GBP25.77$c22\3$e01-jul-2013$fGBP25.77$g0$hP$5Uk
=ACF  \\$aPrevious copyright fee: GBP24.97$c22\3$e01-jan-2014$fGBP24.97$g0$hP$5Uk
=ACF  \\$aPrevious copyright fee: GBP24.21$c22\3$e01-jul-2014$fGBP24.21$g0$hP$5Uk
=ACF  \\$aPrevious copyright fee: GBP25.77$c22\3$e01-apr-2015$fGBP25.77$g0$hP$5Uk
=ACF  \\$aPrevious copyright fee: GBP26.63$c22\3$e01-jul-2015$fGBP26.63$g0$hP$5Uk
=ACF  \\$aPrevious copyright fee: GBP25.77$c22\3$e01-oct-2015$fGBP25.77$g0$hP$5Uk
=ACF  \\$aPrevious copyright fee: GBP27.55$c22\3$e01-apr-2016$fGBP27.55$g0$hP$5Uk
=ACF  \\$aPrevious copyright fee: GBP29.59$c22\3$e01-oct-2016$fGBP29.59$g0$hP$5Uk
=ACF  \\$aPrevious copyright fee: GBP31.96$c22\3$e01-apr-2017$fGBP31.96$g0$hP$5Uk
=ACF  \\$aPrevious copyright fee: GBP30.73$c22\3$e01-oct-2017$fGBP30.73$g0$hP$5Uk
=ACF  \\$aPrevious copyright fee: GBP28.54$c22\3$e01-apr-2018$fGBP28.54$g0$hP$5Uk
=LAS  \\$aIPL-CLA$b00$c20221231$lBLL01$h1445

