=LDR  05877cas a2201249 a 4500
=001  013089648
=003  Uk
=005  20230430121945.0
=006  m\\\\\\\\d\\\\\\\\
=007  cr\|||||||||||
=008  010828c19969999gw\br\pso\\\\\0\\\a0eng\d
=FMT  \\$a  SE
=022  0\$a1432-1181$y0947-7411$l0947-7411
=035  \\$a(OCoLC)456680745
=037  \\$a???$bSpringer
=040  \\$aCaNfSM$beng$cQE2$dOCLCQ$dW2U$dOCLCQ$dUk
=041  0\$aeng$bger
=042  \\$aukblsr
=050  14$aTP1$b.W127
=082  04$a536.7$223
=130  0\$aHeat and mass transfer (Online)
=222  \0$aHeat and mass transfer$b(Zeitschrift. Internet)
=245  10$aHeat and mass transfer$h[electronic resource] =$bWärme- und Stoffübertragung.
=246  31$aWärme- und Stoffübertragung
=260  \\$aBerlin ;$aHeidelberg :$bSpringer
=310  \\$aSix times a year
=336  \\$atext$2rdacontent
=337  \\$acomputer$2rdamedia
=338  \\$aonline resource$2rdacarrier
=362  1\$aPrint began with: Vol. 30, no. 3 (Feb. 1995)-
=580  \\$aIncludes issues of earlier title: Wärme- und Stoffübertragung.
=530  \\$aAlso issued in print.
=538  \\$aMode of access: World Wide Web.
=546  \\$aText in English; abstracts in English and German.
=588  \\$aDescription based on: Vol. 31, issue 3, for 1996; title from journal home page (viewed Aug. 28, 2001).
=588  \\$aLatest issue consulted: Vol. 47, issue 7 (July 2011) (SpringerLink, viewed July 26, 2011).
=540  \\$aCurrent copyright fee: GBP29.95$c22\1$5Uk
=650  \0$aHeat$xTransmission$vPeriodicals.
=650  \0$aMass transfer$vPeriodicals.
=650  \0$aThermodynamics$vPeriodicals.
=776  1\$tHeat and mass transfer$x0947-7411
=780  00$tWärme- und Stoffübertragung$c(Online)
=859  \\$aELD$bejournal
=856  \\$31850-9999$uhttp://www.springer.com/gb/$xBLDSS
=856  40$uhttp://www.springerlink.com/content/0947-7411/1/$zIncludes issues of earlier title: Wärme- und Stoffübertragung
=856  40$uhttp://library-proxy.mun.ca/login?url=http://link.springer-ny.com/link/service/journals/00231/index.htm$zVol. 31, no. 3 (1996)- available online:
=859  \\$aXLD$bejournal
=852  41$aBritish Library$bDSC$j4275.405000$3Volume 39:Issue 8/9(2003)-Volume 54:Issue 4(2018)***See ESTAR for full holdings.
=852  41$aBritish Library$bHMNTS$jELD Digital store$3Volume 54:Number 5(2018)-
=945  \\$aHeat and mass transfer -Berlin-
=959  \\$fHeld but not currently received
=979  \\$aBritish Library$bDSC$j4275.405000
=CAT  \\$a7750$b40$c20050123$lBLL01$h1021
=CAT  \\$aBATCH-UPD$b00$c20150520$lBLL01$h1750
=CAT  \\$aIPL-CLA$c20150630$lBLL01$h1646
=CAT  \\$aBATCH-UPD$b00$c20150820$lBLL01$h1837
=CAT  \\$aIPL-CLA$c20150930$lBLL01$h1806
=CAT  \\$aBATCH-UPD$b00$c20160217$lBLL01$h1727
=CAT  \\$aIPL-CLA$c20160331$lBLL01$h1726
=CAT  \\$aBATCH-UPD$b00$c20160524$lBLL01$h2209
=CAT  \\$aBATCH-UPD$b00$c20160525$lBLL01$h0018
=CAT  \\$aBATCH-UPD$b00$c20160824$lBLL01$h1755
=CAT  \\$aIPL-CLA$c20160930$lBLL01$h1603
=CAT  \\$aBATCH-UPD$b00$c20170216$lBLL01$h1843
=CAT  \\$aIPL-CLA$c20170331$lBLL01$h1844
=CAT  \\$aBATCH-UPD$b00$c20170904$lBLL01$h1851
=CAT  \\$aIPL-CLA$c20170929$lBLL01$h1728
=CAT  \\$aBATCH-UPD$b00$c20180223$lBLL01$h1720
=CAT  \\$aIPL-CLA$c20180331$lBLL01$h1619
=CAT  \\$aW1805-0475$c20180520$lBLL01$h1631
=CAT  \\$aBATCH-UPD$b00$c20180524$lBLL01$h1713
=CAT  \\$aIPL-CLA$c20180630$lBLL01$h1916
=CAT  \\$aW1908-0780$b00$c20200730$lBLL01$h1327
=CAT  \\$a15190$b40$c20201123$lBLL01$h1052
=CAT  \\$aCDS21$c20220118$lBLL01$h1105
=CAT  \\$aBATCH-UPD$b00$c20221121$lBLL01$h1400
=CAT  \\$aIPL-CLA$c20221231$lBLL01$h1445
=CAT  \\$a5410$b40$c20230430$lBLL01$h1219
=CFI  0\$aCurrent copyright fee: GBP29.95$c22\1$e01-jan-2023$fGBP29.95$g0$hP$5Uk
=CFI  2\$aPrevious copyright fee: GBP34.00$c22\1$e01-jul-2018$fGBP34.00$g0$hP$5Uk
=EST  \\$a1
=FFP  \\$aY$bBLDSS-3PM
=FIN  \\$aY$d20110726
=LKR  \\$aPAR$b009200882$lBLL01$r776$mHeat and mass transfer (Online)$nHeat and mass transfer (Print)
=MNI  \\$a0947-7411
=SID  \\$aZ39$bOCLC
=TCO  \\$aDEU$bVG WORT$c008
=TOC  \\$aETOC
=UNO  \\$aY
=ACF  \\$aPrevious copyright fee: GBP16.67$c22\3$e01-jan-2006$fGBP16.67$g0$hP$5Uk
=ACF  \\$aPrevious copyright fee: GBP16.22$c22\3$e01-apr-2005$fGBP16.22$g0$hP$5Uk
=ACF  \\$aPrevious copyright fee: GBP16.67$c22\3$e01-jan-2005$fGBP16.67$g0$hP$5Uk
=ACF  \\$aPrevious copyright fee: GBP17.14$c22\3$e01-apr-2006$fGBP17.14$g0$hP$5Uk
=ACF  \\$aPrevious copyright fee: GBP22.00$c22\3$e12-aug-2012$fGBP22.00$g0$hP$5Uk
=ACF  \\$aPrevious copyright fee: GBP25.00$c22\3$e01-jan-2013$fGBP25.00$g0$hP$5Uk
=ACF  \\$aPrevious copyright fee: GBP25.77$c22\3$e01-jul-2013$fGBP25.77$g0$hP$5Uk
=ACF  \\$aPrevious copyright fee: GBP24.97$c22\3$e01-jan-2014$fGBP24.97$g0$hP$5Uk
=ACF  \\$aPrevious copyright fee: GBP24.21$c22\3$e01-jul-2014$fGBP24.21$g0$hP$5Uk
=ACF  \\$aPrevious copyright fee: GBP25.77$c22\3$e01-apr-2015$fGBP25.77$g0$hP$5Uk
=ACF  \\$aPrevious copyright fee: GBP26.63$c22\3$e01-jul-2015$fGBP26.63$g0$hP$5Uk
=ACF  \\$aPrevious copyright fee: GBP25.77$c22\3$e01-oct-2015$fGBP25.77$g0$hP$5Uk
=ACF  \\$aPrevious copyright fee: GBP27.55$c22\3$e01-apr-2016$fGBP27.55$g0$hP$5Uk
=ACF  \\$aPrevious copyright fee: GBP29.59$c22\3$e01-oct-2016$fGBP29.59$g0$hP$5Uk
=ACF  \\$aPrevious copyright fee: GBP31.96$c22\3$e01-apr-2017$fGBP31.96$g0$hP$5Uk
=ACF  \\$aPrevious copyright fee: GBP30.73$c22\3$e01-oct-2017$fGBP30.73$g0$hP$5Uk
=ACF  \\$aPrevious copyright fee: GBP28.54$c22\3$e01-apr-2018$fGBP28.54$g0$hP$5Uk
=LAS  \\$a5410$b40$c20230430$lBLL01$h1219

