=LDR  04345cas a2201069 a 4500
=001  012088314
=003  Uk
=005  20221231144322.0
=006  m\\\\\\\\d\\\\\\\\
=007  cr\mnu||||||||
=008  040311c20039999enktr\pss\\\\\0\\\a0eng\d
=FMT  \\$a  SE
=015  \\$aGBA8C2762$2bnb
=022  0\$a1476-3427$202
=035  \\$a(OCoLC)54683131
=037  \\$bPalgrave Macmillan, Houndsmills, Basingstoke, Hants RG21 6XS, UK$a???$cNo price
=037  3\$a???$bSpringer
=040  \\$aF#A$cF#A$dOCLCQ$dDLC$dUk
=042  \\$aukblsr$aissnuk
=043  \\$ae-fr---
=082  04$a320.04405$222
=130  0\$aFrench politics (Online)
=222  \0$aFrench politics$b(Online)
=245  10$aFrench politics$h[electronic resource] :$bFP.
=246  30$aFP
=260  \\$aHoundmills :$bPalgrave Macmillan,$c2003-
=310  \\$aThree no. a year
=336  \\$atext$2rdacontent
=337  \\$acomputer$2rdamedia
=338  \\$aonline resource$2rdacarrier
=362  0\$aVol. 1, no. 1 (2003)-
=500  \\$aTitle from journal information screen (FirstSearch, viewed Feb. 25, 2004).
=530  \\$aAlso issued in print.
=538  \\$aMode of access: World Wide Web.
=540  \\$aCurrent copyright fee: GBP29.95$c22\1$5Uk
=651  \0$aFrance$xPolitics and government$y1945-$vPeriodicals.
=651  \0$aFrance$xSocial conditions$y1945-1995$vPeriodicals.
=651  \0$aFrance$xSocial conditions$y1995-$vPeriodicals.
=651  \0$aFrance$xForeign relations$vPeriodicals.
=776  1\$tFrench politics$x1476-3419
=859  \\$aELD$bejournal
=856  \\$31850-9999$uhttp://www.palgrave.com/home/index.asp$xBLDSS
=856  4\$uhttp://firstsearch.oclc.org$zAddress for accessing the journal using authorization number and password through OCLC FirstSearch Electronic Collections Online
=856  4\$uhttp://www.palgrave-journals.com/fp/index.html
=859  \\$aXLD$bejournal
=852  41$aBritish Library$bHMNTS$jELD Digital store$3Volume 14:Issue 4(2016)-***Previous issues available in print copy
=852  41$aBritish Library$bDSC$j4034.404000$3Volume 6:Issue 1(2008)-Volume 9:Issue 3(2011)***See ESTAR for full holdings.
=945  \\$aFrench politics
=959  \\$fHeld but not currently received
=CAT  \\$aCONV$b00$c20040425$lBLL90$h0850
=CAT  \\$a3072$b40$c20081023$lBLL01$h1553
=CAT  \\$a3072$b40$c20081023$lBLL01$h1556
=CAT  \\$a3072$b40$c20081023$lBLL01$h1601
=CAT  \\$a8464$b40$c20081029$lBLL01$h0831
=CAT  \\$aBATCH$b00$c20091210$lBLL01$h0648
=CAT  \\$aBATCH-UPD$b00$c20100818$lBLL01$h1552
=CAT  \\$aIPL-CLA$c20100930$lBLL01$h1520
=CAT  \\$aCDS12-UPD$b40$c20111212$lBLL01$h1841
=CAT  \\$aBLDSS-3PM$b00$c20160620$lBLL01$h1456
=CAT  \\$aBATCH-UPD$b00$c20160620$lBLL01$h1457
=CAT  \\$aBATCH-UPD$b00$c20171121$lBLL01$h1712
=CAT  \\$aIPL-CLA$c20171231$lBLL01$h1607
=CAT  \\$a14412$b40$c20180118$lBLL01$h1144
=CAT  \\$a14412$b40$c20180118$lBLL01$h1148
=CAT  \\$a14412$b40$c20180118$lBLL01$h1149
=CAT  \\$a14412$b40$c20180118$lBLL01$h1150
=CAT  \\$aBATCH-UPD$b40$c20180223$lBLL01$h1819
=CAT  \\$aIPL-CLA$c20180331$lBLL01$h1613
=CAT  \\$aBATCH-UPD$b00$c20180524$lBLL01$h1738
=CAT  \\$aIPL-CLA$c20180630$lBLL01$h1913
=CAT  \\$aBATCH-UPD$b00$c20180704$lBLL01$h0023
=CAT  \\$aW1908-0780$b00$c20200730$lBLL01$h1322
=CAT  \\$aCDS21$c20220118$lBLL01$h1104
=CAT  \\$aBATCH-UPD$b00$c20221121$lBLL01$h1358
=CAT  \\$aIPL-CLA$c20221231$lBLL01$h1443
=CFI  0\$aCurrent copyright fee: GBP29.95$c22\1$e01-jan-2023$fGBP29.95$g0$hP$5Uk
=CFI  2\$aPrevious copyright fee: GBP34.00$c22\1$e01-jul-2018$fGBP34.00$g0$hP$5Uk
=EST  \\$a1
=FFP  \\$aY$bBLDSS-3PM
=FIN  \\$aY
=LEO  \\$aMP22.0000068489
=MNI  \\$a1476-3419
=SID  \\$aZ39$bOCLC
=SRC  \\$aISN01$bbibmp22.200404.2.aa
=TCO  \\$aCLA$bCLA$c008
=TOC  \\$aETOC
=UNO  \\$aY
=ACF  \\$aPrevious copyright fee: GBP17.50$c39\0$e29-oct-2008$fGBP17.50$g0$hP$5Uk
=ACF  \\$aPrevious copyright fee: GBP22.00$c39\0$e01-oct-2010$fGBP22.00$g0$hP$5Uk
=ACF  \\$aPrevious copyright fee: GBP30.74$c39\0$e01-jan-2018$fGBP30.74$g0$hP$5Uk
=ACF  \\$aPrevious copyright fee: GBP28.54$c39\0$e01-apr-2018$fGBP28.54$g0$hP$5Uk
=LAS  \\$aIPL-CLA$b00$c20221231$lBLL01$h1443

