=LDR  07366cas a2201501 a 4500
=001  012432148
=003  Uk
=005  20230212190703.0
=006  m\\\\\o\\d\\\\\\\\
=007  cr\mnu||||||||
=008  971110c19689999ne\mx\pso\\\\\0\\\a0eng\c
=FMT  \\$a  SE
=010  \\$a2004233212
=019  c\$a102029629
=022  0\$a1572-946X$l0004-640X$y0004-640X$2j
=035  \\$a(OCoLC)37915714$z(OCoLC)300537011
=037  \\$a???$bSpringer
=040  \\$aF#A$beng$cF#A$dOCL$dOCLCQ$dMUQ$dOCLCQ$dGUA$dOCLCQ$dMYG$dGUA$dCLU$dOCLCQ$dCUD$dOCLCO$dOCLCQ$dUk
=042  \\$aukblsr
=050  14$aQB460
=082  04$a500.5
=130  0\$aAstrophysics and space science (Online)
=210  0\$aAstrophys. space sci.$b(Dordr., Online)
=222  \0$aAstrophysics and space science$b(Dordrecht. Online)
=245  10$aAstrophysics and space science$h[electronic resource].
=260  \\$3<1997-> :$aDordrecht :$bKluwer Academic Publishers
=260  3\$3<2006-> :$aDordrecht :$bSpringer
=310  \\$a12 issues yearly,$b<2010->
=321  \\$a16 issues yearly,$b<1997>-2002
=321  \\$aTwenty-four issues yearly,$b2003-2009
=336  \\$atext$2rdacontent
=337  \\$acomputer$2rdamedia
=338  \\$aonline resource$2rdacarrier
=362  1\$aPrint began with vol. 1, no. 1 (Jan. 1968).
=595  \\$aABSORBS 3477.201 AND 8361.647.
=500  \\$aSome issues called "special issue" and have also distinctive titles.
=515  \\$aSome issues combined.
=525  \\$aHas supplements.
=538  \\$aMode of access: World Wide Web.
=588  \\$aDescription based on: Vol. 247, issue 1/2 (1997); title from contents screen (publisher's Web site, viewed Feb. 12, 2004).
=588  \\$aLatest issue consulted: Vol. 326, no. 1 (Mar. 2010) (SpringerLink, viewed Apr. 12, 2010).
=540  \\$aCurrent copyright fee: GBP29.95$c22\1$5Uk
=650  \0$aAstrophysics$vPeriodicals.
=650  \0$aCosmic electrodynamics$vPeriodicals.
=655  \0$aElectronic journals.
=776  08$iPrint version:$tAstrophysics and space science$x0004-640X
=780  05$tCosmic electrodynamics$x0010-9509
=780  05$tSpace science instrumentation$x0377-7936
=859  \\$aELD$bejournal
=856  \\$31850-9999$uhttp://www.springer.com/gb/$xBLDSS
=856  40$uhttp://firstsearch.oclc.org$zAddress for accessing the journal using authorization number and password through OCLC FirstSearch Electronic Collections Online
=856  40$uhttp://firstsearch.oclc.org/journal=0004-640x;screen=info;ECOIP$zAddress for accessing the journal from an authorized IP address through OCLC FirstSearch Electronic Collections Online
=856  40$uhttp://www.springerlink.com/openurl.asp?genre=journal&issn=0004-640X
=859  \\$aXLD$bejournal
=852  41$aBritish Library$bDSC$j1765.048000$3Volume 243:Issue 2(1996)-Volume 363:Issue 4(2018)***See ESTAR for full holdings.
=852  41$aBritish Library$bHMNTS$jELD Digital store$3Volume 362:Issue 12(2017)-
=945  \\$aASTROPHYSICS AND SPACE SCIENCE -DORDRECHT-.
=959  \\$fHeld but not currently received
=963  \\$aCA/U97 VOL. 1, 1968- *A=1$bY
=964  \\$aVOL. 1, 1968- *A=1$c52$dO$eJA835
=979  \\$aBritish Library$bDSC$j1765.048000
=985  \\$aCorrected by BSS-generated file for WR# 08/157
=985  \\$aCONFERENCE ANALYTIC &RECORDS EXIST
=A02  \\$a102029629
=CAT  \\$aCONV$b00$c20040425$lBLL90$h0712
=CAT  \\$aBATCH-UPD$b00$c20150520$lBLL01$h1701
=CAT  \\$aIPL-CLA$c20150630$lBLL01$h1642
=CAT  \\$aBATCH-UPD$b00$c20150820$lBLL01$h1751
=CAT  \\$aIPL-CLA$c20150930$lBLL01$h1800
=CAT  \\$aBATCH-UPD$b00$c20160217$lBLL01$h1637
=CAT  \\$aIPL-CLA$c20160331$lBLL01$h1721
=CAT  \\$aBATCH-UPD$b00$c20160524$lBLL01$h2155
=CAT  \\$aBATCH-UPD$b00$c20160524$lBLL01$h2244
=CAT  \\$aBATCH-UPD$b00$c20160824$lBLL01$h1714
=CAT  \\$aIPL-CLA$c20160930$lBLL01$h1558
=CAT  \\$aBATCH-UPD$b00$c20170216$lBLL01$h1801
=CAT  \\$aIPL-CLA$c20170331$lBLL01$h1840
=CAT  \\$aBATCH-UPD$b00$c20170904$lBLL01$h1802
=CAT  \\$aIPL-CLA$c20170929$lBLL01$h1724
=CAT  \\$aBATCH-UPD$b00$c20180223$lBLL01$h1618
=CAT  \\$aIPL-CLA$c20180331$lBLL01$h1615
=CAT  \\$aW1805-0475$c20180520$lBLL01$h1631
=CAT  \\$aBATCH-UPD$b00$c20180524$lBLL01$h1652
=CAT  \\$aIPL-CLA$c20180630$lBLL01$h1914
=CAT  \\$aW1908-0780$b00$c20200730$lBLL01$h1323
=CAT  \\$a15190$b40$c20201006$lBLL01$h1448
=CAT  \\$aCDS21$c20220118$lBLL01$h1104
=CAT  \\$aBATCH-UPD$b00$c20221121$lBLL01$h1359
=CAT  \\$aIPL-CLA$c20221231$lBLL01$h1444
=CAT  \\$a5410$b40$c20230212$lBLL01$h1907
=CFI  0\$aCurrent copyright fee: GBP29.95$c22\1$e01-jan-2023$fGBP29.95$g0$hP$5Uk
=CFI  2\$aPrevious copyright fee: GBP34.00$c22\1$e01-jul-2018$fGBP34.00$g0$hP$5Uk
=EST  \\$a1
=FFP  \\$aY$bBLDSS-3PM
=FIN  \\$aY
=LEO  \\$aMP10.0000629418
=LKR  \\$aPAR$b010469589$lBLL01$r776$mAstrophysics and space science (Dordrecht. Online)$nAstrophysics and space science
=MNI  \\$a0004-640X
=SID  \\$aZ39$bOCLC
=SRC  \\$aDSS01$bbibmp10.200404.2.aa
=TCO  \\$aNLD$bSTICHTING REPRORECHT$c008
=TOC  \\$aETOC
=UNO  \\$aY
=ACF  \\$aPrevious copyright fee: GBP21.25$c13\1$e01-jan-2009$fGBP21.25$g0$hP$5Uk
=ACF  \\$aPrevious copyright fee: GBP16.75$c13\1$e01-jan-2007$fGBP16.75$g0$hP$5Uk
=ACF  \\$aPrevious copyright fee: GBP16.22$c13\1$e01-oct-2006$fGBP16.22$g0$hP$5Uk
=ACF  \\$aPrevious copyright fee: GBP17.14$c13\1$e01-apr-2006$fGBP17.14$g0$hP$5Uk
=ACF  \\$aPrevious copyright fee: GBP16.67$c13\1$e01-jan-2006$fGBP16.67$g0$hP$5Uk
=ACF  \\$aPrevious copyright fee: GBP16.22$c13\1$e01-apr-2005$fGBP16.22$g0$hP$5Uk
=ACF  \\$aPrevious copyright fee: GBP16.67$c13\1$e01-jan-2005$fGBP16.67$g0$hP$5Uk
=ACF  \\$aPrevious copyright fee: GBP13.51$c13\1$e01-apr-2004$fGBP13.51$g0$hP$5Uk
=ACF  \\$aCurrent copyright fee: GBP14.71$c13\1$e01-jan-2004$fGBP14.71$g0$hP$5Uk
=ACF  \\$aCurrent copyright fee: GBP15.63$c13\1$e01-jan-2003$fGBP15.63$g0$hP$5Uk
=ACF  \\$aPrevious copyright fee: GBP22.00$c13\1$e01-apr-2009$fGBP22.00$g0$hP$5Uk
=ACF  \\$aPrevious copyright fee: GBP22.00$c13\1$e12-aug-2012$fGBP22.00$g0$hP$5Uk
=ACF  \\$aPrevious copyright fee: GBP25.00$c13\1$e01-jan-2013$fGBP25.00$g0$hP$5Uk
=ACF  \\$aPrevious copyright fee: GBP25.77$c13\1$e01-jul-2013$fGBP25.77$g0$hP$5Uk
=ACF  \\$aPrevious copyright fee: GBP24.97$c13\1$e01-jan-2014$fGBP24.97$g0$hP$5Uk
=ACF  \\$aPrevious copyright fee: GBP24.21$c13\1$e01-jul-2014$fGBP24.21$g0$hP$5Uk
=ACF  \\$aPrevious copyright fee: GBP25.77$c13\1$e01-apr-2015$fGBP25.77$g0$hP$5Uk
=ACF  \\$aPrevious copyright fee: GBP26.63$c13\1$e01-jul-2015$fGBP26.63$g0$hP$5Uk
=ACF  \\$aPrevious copyright fee: GBP25.77$c13\1$e01-oct-2015$fGBP25.77$g0$hP$5Uk
=ACF  \\$aPrevious copyright fee: GBP27.55$c13\1$e01-apr-2016$fGBP27.55$g0$hP$5Uk
=ACF  \\$aPrevious copyright fee: GBP29.59$c13\1$e01-oct-2016$fGBP29.59$g0$hP$5Uk
=ACF  \\$aPrevious copyright fee: GBP31.96$c13\1$e01-apr-2017$fGBP31.96$g0$hP$5Uk
=ACF  \\$aPrevious copyright fee: GBP30.73$c13\1$e01-oct-2017$fGBP30.73$g0$hP$5Uk
=ACF  \\$aPrevious copyright fee: GBP28.54$c13\1$e01-apr-2018$fGBP28.54$g0$hP$5Uk
=LAS  \\$a5410$b40$c20230212$lBLL01$h1907

