=LDR  07297cas a2201489 a 4500
=001  012432366
=003  Uk
=005  20230509202523.0
=006  m\\\\\o\\d\\\\\\\\
=007  cr\mn|||||||||
=008  000601c19819999ne\bx\pso\\\\\0\\\a0eng\c
=FMT  \\$a  SE
=010  \\$a2004233375
=019  c\$a102048210
=022  \\$a1573-6830$l0272-4340$y0272-4340
=035  \\$a(OCoLC)44162445$z(OCoLC)44168059$z(OCoLC)52432680
=037  \\$a???$bSpringer
=040  \\$aOH1$beng$cOH1$dOCLCQ$dGUA$dF#A$dFQM$dOCLCQ$dMYG$dU9S$dOCLCQ$dSERSO$dBUF$dOCLCQ$dBUF$dOCLCF$dUk
=042  \\$aukblsr
=050  14$aQP351
=082  04$a573.8$222
=130  0\$aCellular and molecular neurobiology (Online)
=210  0\$aCell. mol. neurobiol.$b(Dordr., Online)
=222  \0$aCellular and molecular neurobiology$b(Dordrecht. Online)
=245  10$aCellular and molecular neurobiology$h[electronic resource].
=260  \\$a[New York, NY] :$bKluwer Academic/Plenum Publishers
=260  3\$3<Dec. 2004- >:$a[Netherlands] :$bSpringer
=310  \\$aEight issues yearly,$b2005-
=321  \\$aBimonthly,$b-2004
=336  \\$atext$2rdacontent
=337  \\$acomputer$2rdamedia
=338  \\$aonline resource$2rdacarrier
=362  1\$aPrint began with v. 1, no. 1 (Mar. 1981).
=515  \\$aSome issues combined.
=538  \\$aMode of access: World Wide Web.
=588  \\$aDescription based on: Vol. 17, issue 1 (Feb. 1997); title from contents screen (publisher's Website, viewed Mar. 4, 2004).
=588  \\$aLatest issue consulted: Vol. 32, issue 8 (Nov. 2012) (SpringerLink, viewed Dec. 4, 2012).
=540  \\$aCurrent copyright fee: GBP34.95$c22\1$5Uk
=650  \0$aMolecular neurobiology$vPeriodicals.
=650  \0$aCytology$vPeriodicals.
=650  \2$aMolecular Biology$vPeriodicals.
=650  \2$aCell Biology$vPeriodicals.
=650  \2$aNeurosciences$vPeriodicals.
=776  08$iPrint version:$tCellular and molecular neurobiology$x0272-4340
=859  \\$aELD$bejournal
=856  \\$31850-9999$uhttp://www.springer.com/gb/$xBLDSS
=856  40$uhttp://firstsearch.oclc.org$zAddress for accessing the journal using authorization number and password through OCLC FirstSearch Electronic Collections Online
=856  40$uhttp://firstsearch.oclc.org/journal=0272-4340;screen=info;ECOIP$zAddress for accessing the journal from an authorized IP address through OCLC FirstSearch Electronic Collections Online
=856  40$uhttp://link.springer.com/journal/10571
=856  40$uhttp://rave.ohiolink.edu/ejournals/issn/02724340/$zConnect to Cellular and molecular neurobiology
=856  40$uhttp://www.springerlink.com/content/102583/
=856  40$uhttp://www.springerlink.com/openurl.asp?genre=journal&issn=0272-4340
=859  \\$aXLD$bejournal
=852  41$aBritish Library$bDSC$j3097.925000$3Volume 17:Issue 1(1997)-Volume 38:Issue 3(2018)***See ESTAR for full holdings.
=852  41$aBritish Library$bHMNTS$jELD Digital store$3Volume 38:Issue 4(2018)-
=945  \\$aCELLULAR AND MOLECULAR NEUROBIOLOGY.
=959  \\$fHeld but not currently received
=963  \\$aCA/U-2 VOL. 1, 1981- *A=1$bN
=979  \\$aBritish Library$bDSC$j3097.925000
=985  \\$aCorrected by MS generated file for WR# 12.018
=985  \\$aCONFERENCE ANALYTIC &RECORDS EXIST
=A02  \\$a102048210
=CAT  \\$aCONV$b00$c20040425$lBLL90$h0712
=CAT  \\$aBATCH-UPD$b00$c20150820$lBLL01$h1959
=CAT  \\$aIPL-CLA$c20150930$lBLL01$h1800
=CAT  \\$aBATCH-UPD$b00$c20160217$lBLL01$h1857
=CAT  \\$aIPL-CLA$c20160331$lBLL01$h1721
=CAT  \\$aBATCH-UPD$b00$c20160524$lBLL01$h2156
=CAT  \\$aBATCH-UPD$b00$c20160524$lBLL01$h2244
=CAT  \\$aBATCH-UPD$b00$c20160824$lBLL01$h1916
=CAT  \\$aIPL-CLA$c20160930$lBLL01$h1558
=CAT  \\$aBATCH-UPD$b00$c20170216$lBLL01$h2001
=CAT  \\$aIPL-CLA$c20170331$lBLL01$h1840
=CAT  \\$aBATCH-UPD$b00$c20170904$lBLL01$h2032
=CAT  \\$aIPL-CLA$c20170929$lBLL01$h1724
=CAT  \\$aBATCH-UPD$b00$c20180223$lBLL01$h1931
=CAT  \\$aIPL-CLA$c20180331$lBLL01$h1615
=CAT  \\$aW1805-0475$c20180520$lBLL01$h1631
=CAT  \\$aBATCH-UPD$b00$c20180524$lBLL01$h1811
=CAT  \\$aIPL-CLA$c20180630$lBLL01$h1914
=CAT  \\$aW1908-0780$b00$c20200730$lBLL01$h1323
=CAT  \\$a15190$b40$c20201013$lBLL01$h1230
=CAT  \\$a5552$b40$c20210810$lBLL01$h1359
=CAT  \\$aIPL-CLA$c20210930$lBLL01$h1527
=CAT  \\$aCDS21$c20220118$lBLL01$h1104
=CAT  \\$aBATCH-UPD$b00$c20221121$lBLL01$h1410
=CAT  \\$aIPL-CLA$c20221231$lBLL01$h1444
=CAT  \\$a5410$b40$c20230509$lBLL01$h2025
=CFI  0\$aCurrent copyright fee: GBP34.95$c22\1$e01-jan-2023$fGBP34.95$g0$hP$5Uk
=CFI  2\$aPrevious copyright fee: GBP43.00$c22\1$e01-oct-2021$fGBP43.00$g0$hP$5Uk
=EST  \\$a1
=FFP  \\$aY$bBLDSS-3PM
=FIN  \\$aY
=LEO  \\$aMP10.0000629636
=MNI  \\$a0272-4340
=SID  \\$aZ39$bOCLC
=SRC  \\$aDSS01$bbibmp10.200404.2.aa
=TCO  \\$aNLD$bSTICHTING REPRORECHT$c008
=TCO  \\$aTRS$bCCC$c008
=TOC  \\$aETOC
=UNO  \\$aY
=ACF  \\$aPrevious copyright fee: GBP21.25$c4\4$e01-jan-2009$fGBP21.25$g0$hP$5Uk
=ACF  \\$aPrevious copyright fee: GBP16.75$c4\4$e01-jan-2007$fGBP16.75$g0$hP$5Uk
=ACF  \\$aPrevious copyright fee: GBP16.22$c4\4$e01-oct-2006$fGBP16.22$g0$hP$5Uk
=ACF  \\$aPrevious copyright fee: GBP17.14$c4\4$e01-apr-2006$fGBP17.14$g0$hP$5Uk
=ACF  \\$aPrevious copyright fee: GBP16.67$c4\4$e01-jan-2006$fGBP16.67$g0$hP$5Uk
=ACF  \\$aPrevious copyright fee: GBP16.22$c4\4$e01-apr-2005$fGBP16.22$g0$hP$5Uk
=ACF  \\$aPrevious copyright fee: GBP16.67$c4\4$e01-jan-2005$fGBP16.67$g0$hP$5Uk
=ACF  \\$aPrevious copyright fee: GBP13.51$c4\4$e01-apr-2004$fGBP13.51$g0$hP$5Uk
=ACF  \\$aCurrent copyright fee: GBP14.71$c4\4$e01-jan-2004$fGBP14.71$g0$hP$5Uk
=ACF  \\$aCurrent copyright fee: GBP15.63$c4\4$e01-jan-2003$fGBP15.63$g0$hP$5Uk
=ACF  \\$aPrevious copyright fee: GBP22.00$c4\4$e01-apr-2009$fGBP22.00$g0$hP$5Uk
=ACF  \\$aPrevious copyright fee: GBP22.00$c4\4$e12-aug-2012$fGBP22.00$g0$hP$5Uk
=ACF  \\$aPrevious copyright fee: GBP25.00$c4\4$e01-jan-2013$fGBP25.00$g0$hP$5Uk
=ACF  \\$aPrevious copyright fee: GBP25.77$c4\4$e01-jul-2013$fGBP25.77$g0$hP$5Uk
=ACF  \\$aPrevious copyright fee: GBP24.97$c4\4$e01-jan-2014$fGBP24.97$g0$hP$5Uk
=ACF  \\$aPrevious copyright fee: GBP24.21$c4\4$e01-jul-2014$fGBP24.21$g0$hP$5Uk
=ACF  \\$aPrevious copyright fee: GBP25.77$c4\4$e01-apr-2015$fGBP25.77$g0$hP$5Uk
=ACF  \\$aPrevious copyright fee: GBP26.63$c4\4$e01-jul-2015$fGBP26.63$g0$hP$5Uk
=ACF  \\$aPrevious copyright fee: GBP25.77$c4\4$e01-oct-2015$fGBP25.77$g0$hP$5Uk
=ACF  \\$aPrevious copyright fee: GBP27.55$c4\4$e01-apr-2016$fGBP27.55$g0$hP$5Uk
=ACF  \\$aPrevious copyright fee: GBP29.59$c4\4$e01-oct-2016$fGBP29.59$g0$hP$5Uk
=ACF  \\$aPrevious copyright fee: GBP31.96$c4\4$e01-apr-2017$fGBP31.96$g0$hP$5Uk
=ACF  \\$aPrevious copyright fee: GBP30.73$c4\4$e01-oct-2017$fGBP30.73$g0$hP$5Uk
=ACF  \\$aPrevious copyright fee: GBP28.54$c4\4$e01-apr-2018$fGBP28.54$g0$hP$5Uk
=ACF  \\$aPrevious copyright fee: GBP34.00$c22\1$e01-jul-2018$fGBP34.00$g0$hP$5Uk
=LAS  \\$a5410$b40$c20230509$lBLL01$h2025

