=LDR  07130cas a2201441 a 4500
=001  012432685
=003  Uk
=005  20230204184919.0
=006  m\\\\\o\\d\\\\\\\\
=007  cr\mnu||||||||
=008  990617c19759999ne\qx\p\o\\\\\0\\\a0eng\c
=FMT  \\$a  SE
=010  \\$a  2004233260
=019  c\$a102060561
=022  \\$a1573-0786$l0304-4092$y0304-4092$2j
=030  \\$aDIAAER
=035  \\$a(OCoLC)41559225$z(OCoLC)300537406$z(OCoLC)427666098$z(OCoLC)705865716
=037  \\$a???$bSpringer
=040  \\$aF#A$beng$cF#A$dOCLCQ$dMUQ$dOCLCQ$dGUA$dOCLCQ$dGUA$dOCLCQ$dCUD$dOCLCO$dEYM$dOCLCE$dOCLCQ$dBUF$dLGG$dOCLCQ$dUk
=042  \\$aukblsr
=050  14$aHX550.A56
=082  04$a303.4$223
=130  0\$aDialectical anthropology (Online)
=210  0\$aDialect. anthropol.$b(Dordr., Online)
=222  \0$aDialectical anthropology$b(Dordrecht. Online)
=245  10$aDialectical anthropology$h[electronic resource].
=260  \\$aAmsterdam, the Netherlands :$bElsevier,$cc1975-
=260  3\$32005- :$a[Netherlands] :$bSpringer Netherlands
=310  \\$aFour issues a year
=336  \\$atext$2rdacontent
=337  \\$acomputer$2rdamedia
=338  \\$aonline resource$2rdacarrier
=362  0\$aVol. 1, no. 1 (Nov. 1975)-
=500  \\$aTitle from PDF title page (JSTOR, viewed Feb. 8, 2012).
=500  \\$aPublished: Elsevier, -v.10, no. 3-4 (Apr. 1986); Nijhoff, v. 11, no. 1 (1986)--v. 12, no. 1 (1987); Kluwer, v.12, no. 2 (1987)- ; Kluwer Acadmic, -v. 28, no. 3-4 (2004).
=515  \\$aSome issues combined.
=538  \\$aMode of access: World Wide Web.
=588  \\$aLatest issue consulted: Vol. 36, issue 1/2 (June 2012) (Springer Link, viewed Dec. 12, 2012).
=540  \\$aCurrent copyright fee: GBP29.95$c22\1$5Uk
=650  \0$aMarxist anthropology$vPeriodicals.
=655  \0$aElectronic journals.
=690  7\$aSocial Welfare$2blcoll
=776  08$iPrint version:$tDialectical anthropology$x0304-4092
=859  \\$aELD$bejournal
=856  \\$31850-9999$uhttp://www.springer.com/gb/$xBLDSS
=856  4\$uhttp://www.kluweronline.com/issn/0304-4092/contents$zLink no longer valid as of Dec. 12, 2012:
=856  40$uhttp://firstsearch.oclc.org$zAddress for accessing the journal using authorization number and password through OCLC FirstSearch Electronic Collections Online
=856  40$uhttp://firstsearch.oclc.org/journal=0304-4092;screen=info;ECOIP$zAddress for accessing the journal from an authorized IP address through OCLC FirstSearch Electronic Collections Online
=856  40$uhttp://link.springer.com/journal/10624
=856  40$uhttp://www.jstor.org/action/showPublication?journalCode=dialanth
=859  \\$aXLD$bejournal
=852  41$aBritish Library$bDSC$j3579.704000$3Volume 24:Issue 3/4(1999)-Volume 42:Issue 1(2018)***See ESTAR for full holdings.
=852  41$aBritish Library$bHMNTS$jELD Digital store$3Volume 41:Issue 4(2017)-
=945  \\$aDIALECTICAL ANTHROPOLOGY.
=959  \\$fHeld but not currently received
=963  \\$aCA/U-3 VOL. 2, 1977- *A=1$bN
=979  \\$aBritish Library$bDSC$j3579.704000
=985  \\$aCorrected by BSS-generated file for WR# 08/157
=985  \\$aCorrected by MS generated file for WR# 12.018
=A02  \\$a102060561
=CAT  \\$aCONV$b00$c20040425$lBLL90$h0712
=CAT  \\$aBATCH-UPD$b00$c20150520$lBLL01$h1701
=CAT  \\$aIPL-CLA$c20150630$lBLL01$h1642
=CAT  \\$aBATCH-UPD$b00$c20150820$lBLL01$h1751
=CAT  \\$aIPL-CLA$c20150930$lBLL01$h1800
=CAT  \\$aBATCH-UPD$b00$c20160217$lBLL01$h1637
=CAT  \\$aIPL-CLA$c20160331$lBLL01$h1721
=CAT  \\$aBATCH-UPD$b00$c20160524$lBLL01$h2156
=CAT  \\$aBATCH-UPD$b00$c20160524$lBLL01$h2244
=CAT  \\$aBATCH-UPD$b00$c20160824$lBLL01$h1714
=CAT  \\$aIPL-CLA$c20160930$lBLL01$h1558
=CAT  \\$aBATCH-UPD$b00$c20170216$lBLL01$h1801
=CAT  \\$aIPL-CLA$c20170331$lBLL01$h1840
=CAT  \\$aBATCH-UPD$b00$c20170904$lBLL01$h1803
=CAT  \\$aIPL-CLA$c20170929$lBLL01$h1724
=CAT  \\$aBATCH-UPD$b00$c20180223$lBLL01$h1618
=CAT  \\$aIPL-CLA$c20180331$lBLL01$h1615
=CAT  \\$aW1805-0475$c20180520$lBLL01$h1631
=CAT  \\$aBATCH-UPD$b00$c20180524$lBLL01$h1652
=CAT  \\$aIPL-CLA$c20180630$lBLL01$h1914
=CAT  \\$aW1908-0780$b00$c20200730$lBLL01$h1323
=CAT  \\$a15190$b40$c20201023$lBLL01$h0923
=CAT  \\$aCDS21$c20220118$lBLL01$h1104
=CAT  \\$aBATCH-UPD$b00$c20221121$lBLL01$h1359
=CAT  \\$aIPL-CLA$c20221231$lBLL01$h1444
=CAT  \\$a5410$b40$c20230204$lBLL01$h1849
=CFI  0\$aCurrent copyright fee: GBP29.95$c22\1$e01-jan-2023$fGBP29.95$g0$hP$5Uk
=CFI  2\$aPrevious copyright fee: GBP34.00$c22\1$e01-jul-2018$fGBP34.00$g0$hP$5Uk
=EST  \\$a1
=FFP  \\$aY$bBLDSS-3PM
=FIN  \\$aY
=LEO  \\$aMP10.0000629955
=MNI  \\$a0304-4092
=SID  \\$aZ39$bOCLC
=SRC  \\$aDSS01$bbibmp10.200404.2.aa
=TCO  \\$aNLD$bSTICHTING REPRORECHT$c008
=TOC  \\$aETOC
=UNO  \\$aY
=ACF  \\$aPrevious copyright fee: GBP21.25$c13\1$e01-jan-2009$fGBP21.25$g0$hP$5Uk
=ACF  \\$aPrevious copyright fee: GBP16.75$c13\1$e01-jan-2007$fGBP16.75$g0$hP$5Uk
=ACF  \\$aPrevious copyright fee: GBP16.22$c13\1$e01-oct-2006$fGBP16.22$g0$hP$5Uk
=ACF  \\$aPrevious copyright fee: GBP17.14$c13\1$e01-apr-2006$fGBP17.14$g0$hP$5Uk
=ACF  \\$aPrevious copyright fee: GBP16.67$c13\1$e01-jan-2006$fGBP16.67$g0$hP$5Uk
=ACF  \\$aPrevious copyright fee: GBP16.22$c13\1$e01-apr-2005$fGBP16.22$g0$hP$5Uk
=ACF  \\$aPrevious copyright fee: GBP16.67$c13\1$e01-jan-2005$fGBP16.67$g0$hP$5Uk
=ACF  \\$aPrevious copyright fee: GBP13.51$c13\1$e01-apr-2004$fGBP13.51$g0$hP$5Uk
=ACF  \\$aCurrent copyright fee: GBP14.71$c13\1$e01-jan-2004$fGBP14.71$g0$hP$5Uk
=ACF  \\$aCurrent copyright fee: GBP15.63$c13\1$e01-jan-2003$fGBP15.63$g0$hP$5Uk
=ACF  \\$aPrevious copyright fee: GBP22.00$c13\1$e01-apr-2009$fGBP22.00$g0$hP$5Uk
=ACF  \\$aPrevious copyright fee: GBP22.00$c13\1$e12-aug-2012$fGBP22.00$g0$hP$5Uk
=ACF  \\$aPrevious copyright fee: GBP25.00$c13\1$e01-jan-2013$fGBP25.00$g0$hP$5Uk
=ACF  \\$aPrevious copyright fee: GBP25.77$c13\1$e01-jul-2013$fGBP25.77$g0$hP$5Uk
=ACF  \\$aPrevious copyright fee: GBP24.97$c13\1$e01-jan-2014$fGBP24.97$g0$hP$5Uk
=ACF  \\$aPrevious copyright fee: GBP24.21$c13\1$e01-jul-2014$fGBP24.21$g0$hP$5Uk
=ACF  \\$aPrevious copyright fee: GBP25.77$c13\1$e01-apr-2015$fGBP25.77$g0$hP$5Uk
=ACF  \\$aPrevious copyright fee: GBP26.63$c13\1$e01-jul-2015$fGBP26.63$g0$hP$5Uk
=ACF  \\$aPrevious copyright fee: GBP25.77$c13\1$e01-oct-2015$fGBP25.77$g0$hP$5Uk
=ACF  \\$aPrevious copyright fee: GBP27.55$c13\1$e01-apr-2016$fGBP27.55$g0$hP$5Uk
=ACF  \\$aPrevious copyright fee: GBP29.59$c13\1$e01-oct-2016$fGBP29.59$g0$hP$5Uk
=ACF  \\$aPrevious copyright fee: GBP31.96$c13\1$e01-apr-2017$fGBP31.96$g0$hP$5Uk
=ACF  \\$aPrevious copyright fee: GBP30.73$c13\1$e01-oct-2017$fGBP30.73$g0$hP$5Uk
=ACF  \\$aPrevious copyright fee: GBP28.54$c13\1$e01-apr-2018$fGBP28.54$g0$hP$5Uk
=LAS  \\$a5410$b40$c20230204$lBLL01$h1849

