=LDR  07077cas a2201417 a 4500
=001  012433073
=003  Uk
=005  20230113113817.0
=006  m\\\\\o\\d\\\\\\\\
=007  cr\|||||||||||
=008  990618c19929999ne\bx\pso\\\\\0\\\a0eng\c
=FMT  \\$a  SE
=010  \\$a  2004233072
=019  c\$a102445802
=022  \\$a1573-5109$l0925-9864
=035  \\$a(OCoLC)41566664
=037  \\$a???$bSpringer
=040  \\$aOCoLC$beng$cOCoLC$dOCoLC$dCaQMU$dOCoLC$dGU$dOCoLC$dGU$dOCoLC$dUkCU$dOCLCO$dMCM$dOCoLC$dUk
=042  \\$aukblsr
=050  14$aSB123.3
=082  04$a631.523$223
=130  0\$aGenetic resources and crop evolution (Online)
=210  0\$aGenet. resour. crop evol.$b(Dordr., Online)
=222  \0$aGenetic resources and crop evolution$b(Dordrecht. Online)
=245  10$aGenetic resources and crop evolution$h[electronic resource].
=260  \\$a[Dordrecht] :$bKluwer Academic Publishers
=264  31$aDordrecht :$bSpringer Netherlands
=310  \\$aEight no. a year,$b2003-
=321  \\$aSix issues yearly,$b<1997>-2002
=336  \\$atext$2rdacontent
=337  \\$acomputer$2rdamedia
=338  \\$aonline resource$2rdacarrier
=362  1\$aPrint began with v. 39, no. 1, published in 1992.
=500  \\$a"An international journal."
=538  \\$aMode of access: World Wide Web.
=580  \\$a"[this] journal is the internationalized continuation of the German periodical Die Kulturpflanze, published formerly by the Institute of Plant Genetics and Crop Plant Research at Gatersleben, Germany."
=588  \\$aDescription based on: Vol. 44, issue 1 (Feb. 1997); title from contents screen (publisher's Web site, viewed Feb. 18, 2004).
=588  \\$aLatest issue consulted: volume 62, issue 7 (October 2015) (SpringerLink, viewed October 8, 2015).
=540  \\$aCurrent copyright fee: GBP29.95$c22\1$5Uk
=650  \0$aGermplasm resources, Plant$vPeriodicals.
=650  \0$aCrops$xEvolution$vPeriodicals.
=650  \6$aPlantes$xRessources génétiques$vPériodiques.
=650  \6$aCultures$xÉvolution$vPériodiques.
=776  08$iPrint version:$tGenetic resources and crop evolution$x0925-9864
=780  10$tKulturpflanze (Online)
=859  \\$aELD$bejournal
=856  \\$31850-9999$uhttp://www.springer.com/gb/$xBLDSS
=856  4\$uhttp://www.kluweronline.com/issn/0925-9864/contents$zLink no longer valid
=856  40$uhttp://www.springerlink.com/openurl.asp?genre=journal&issn=0925-9864
=856  40$uhttp://firstsearch.oclc.org$zAddress for accessing the journal using authorization number and password through OCLC FirstSearch Electronic Collections Online
=859  \\$aXLD$bejournal
=852  41$aBritish Library$bDSC$j4111.907000$3Volume 47:Issue 1(2000)-Volume 65:Issue 4(2018)***See ESTAR for full holdings.
=852  41$aBritish Library$bHMNTS$jELD Digital store$3Volume 65:Number 3(2018)-
=945  \\$aGenetic resources and crop evolution
=959  \\$fHeld but not currently received
=979  \\$aBritish Library$bDSC$j4111.907000
=A02  \\$a102445802
=CAT  \\$aCONV$b00$c20040425$lBLL90$h0712
=CAT  \\$aBATCH-UPD$b00$c20150820$lBLL01$h1751
=CAT  \\$aIPL-CLA$c20150930$lBLL01$h1800
=CAT  \\$a11316$b40$c20151008$lBLL01$h0938
=CAT  \\$aBATCH-UPD$b40$c20160217$lBLL01$h1637
=CAT  \\$aIPL-CLA$c20160331$lBLL01$h1721
=CAT  \\$aBATCH-UPD$b00$c20160524$lBLL01$h2156
=CAT  \\$aBATCH-UPD$b00$c20160524$lBLL01$h2245
=CAT  \\$aBATCH-UPD$b00$c20160824$lBLL01$h1714
=CAT  \\$aIPL-CLA$c20160930$lBLL01$h1559
=CAT  \\$aBATCH-UPD$b00$c20170216$lBLL01$h1801
=CAT  \\$aIPL-CLA$c20170331$lBLL01$h1841
=CAT  \\$aBATCH-UPD$b00$c20170904$lBLL01$h1803
=CAT  \\$aIPL-CLA$c20170929$lBLL01$h1724
=CAT  \\$aBATCH-UPD$b00$c20180223$lBLL01$h1618
=CAT  \\$aIPL-CLA$c20180331$lBLL01$h1615
=CAT  \\$aW1805-0475$c20180520$lBLL01$h1631
=CAT  \\$aBATCH-UPD$b00$c20180524$lBLL01$h1652
=CAT  \\$aIPL-CLA$c20180630$lBLL01$h1914
=CAT  \\$aW1908-0780$b00$c20200730$lBLL01$h1324
=CAT  \\$a15190$b40$c20201110$lBLL01$h1529
=CAT  \\$aCDS21$c20220118$lBLL01$h1104
=CAT  \\$aBATCH-UPD$b00$c20221121$lBLL01$h1359
=CAT  \\$aIPL-CLA$c20221231$lBLL01$h1444
=CAT  \\$a5410$b40$c20230112$lBLL01$h1519
=CAT  \\$a5410$b40$c20230113$lBLL01$h1138
=CFI  0\$aCurrent copyright fee: GBP29.95$c22\1$e01-jan-2023$fGBP29.95$g0$hP$5Uk
=CFI  2\$aPrevious copyright fee: GBP34.00$c22\1$e01-jul-2018$fGBP34.00$g0$hP$5Uk
=EST  \\$a1
=FFP  \\$aY$bBLDSS-3PM
=FIN  \\$aY
=LEO  \\$aMP10.0000630343
=LKR  \\$aPAR$b009548318$lBLL01$r776$mGenetic resources and crop evolution (Online)$nGenetic resources and crop evolution (Print)
=MNI  \\$a0925-9864
=SRC  \\$aDSS01$bbibmp10.200404.2.aa
=SRC  \\$aBLL02
=TCO  \\$aNLD$bSTICHTING REPRORECHT$c008
=TOC  \\$aETOC
=UNO  \\$aY
=ACF  \\$aPrevious copyright fee: GBP21.25$c13\1$e01-jan-2009$fGBP21.25$g0$hP$5Uk
=ACF  \\$aPrevious Copyright Fee: GBP16.75$c13\1$e01-jan-2007$fGBP16.75$g0$hP$5Uk
=ACF  \\$aPrevious copyright fee: GBP16.22$c13\1$e01-oct-2006$fGBP16.22$g0$hP$5Uk
=ACF  \\$aPrevious copyright fee: GBP17.14$c13\1$e01-apr-2006$fGBP17.14$g0$hP$5Uk
=ACF  \\$aPrevious copyright fee: GBP16.67$c13\1$e01-jan-2006$fGBP16.67$g0$hP$5Uk
=ACF  \\$aPrevious copyright fee: GBP16.22$c13\1$e01-apr-2005$fGBP16.22$g0$hP$5Uk
=ACF  \\$aPrevious copyright fee: GBP16.67$c13\1$e01-jan-2005$fGBP16.67$g0$hP$5Uk
=ACF  \\$aPrevious copyright fee: GBP13.51$c13\1$e01-apr-2004$fGBP13.51$g0$hP$5Uk
=ACF  \\$aCurrent copyright fee: GBP14.71$c13\1$e01-jan-2004$fGBP14.71$g0$hP$5Uk
=ACF  \\$aCurrent copyright fee: GBP15.63$c13\1$e01-jan-2003$fGBP15.63$g0$hP$5Uk
=ACF  \\$aPrevious copyright fee: GBP22.00$c13\1$e01-apr-2009$fGBP22.00$g0$hP$5Uk
=ACF  \\$aPrevious copyright fee: GBP22.00$c13\1$e12-aug-2012$fGBP22.00$g0$hP$5Uk
=ACF  \\$aPrevious copyright fee: GBP25.00$c13\1$e01-jan-2013$fGBP25.00$g0$hP$5Uk
=ACF  \\$aPrevious copyright fee: GBP25.77$c13\1$e01-jul-2013$fGBP25.77$g0$hP$5Uk
=ACF  \\$aPrevious copyright fee: GBP24.97$c13\1$e01-jan-2014$fGBP24.97$g0$hP$5Uk
=ACF  \\$aPrevious copyright fee: GBP24.21$c13\1$e01-jul-2014$fGBP24.21$g0$hP$5Uk
=ACF  \\$aPrevious copyright fee: GBP25.77$c13\1$e01-apr-2015$fGBP25.77$g0$hP$5Uk
=ACF  \\$aPrevious copyright fee: GBP26.63$c13\1$e01-jul-2015$fGBP26.63$g0$hP$5Uk
=ACF  \\$aPrevious copyright fee: GBP25.77$c13\1$e01-oct-2015$fGBP25.77$g0$hP$5Uk
=ACF  \\$aPrevious copyright fee: GBP27.55$c13\1$e01-apr-2016$fGBP27.55$g0$hP$5Uk
=ACF  \\$aPrevious copyright fee: GBP29.59$c13\1$e01-oct-2016$fGBP29.59$g0$hP$5Uk
=ACF  \\$aPrevious copyright fee: GBP31.96$c13\1$e01-apr-2017$fGBP31.96$g0$hP$5Uk
=ACF  \\$aPrevious copyright fee: GBP30.73$c13\1$e01-oct-2017$fGBP30.73$g0$hP$5Uk
=ACF  \\$aPrevious copyright fee: GBP28.54$c13\1$e01-apr-2018$fGBP28.54$g0$hP$5Uk
=LAS  \\$a5410$b40$c20230113$lBLL01$h1138

