=LDR  06850cas a2201417 a 4500
=001  012433382
=003  Uk
=005  20221231144433.0
=006  m\\\\\o\\d\\\\\\\\
=007  cr\mnu||||||||
=008  001228c19849999ne\qx\pso\\\\\0\\\a0eng\c
=FMT  \\$a  SE
=010  \\$a  2007247640
=019  c\$a102262015
=022  \\$a1573-1758$l0742-5627
=035  \\$a(OCoLC)45885816$z(OCoLC)45091834
=037  \\$a???$bSpringer
=040  \\$aRBN$beng$cRBN$dOCLCQ$dF#A$dMUQ$dOCLCQ$dVRC$dBUF$dMYG$dOCLCQ$dBUF$dOCLCF$dOCLCQ$dUk
=042  \\$aukblsr
=043  \\$an-us---
=050  \4$aLA227.3
=082  04$a378.005$223
=130  0\$aInnovative higher education (Online)
=222  \0$aInnovative higher education$b(Dordrecht. Online)
=245  10$aInnovative higher education$h[electronic resource].
=246  13$aIHED
=260  \\$a[New York, N.Y.] :$bKluwer Academic-Plenum-Human Sciences Press
=260  3\$3<2009-> :$a[Dordrecht] :$bSpringer Netherlands
=310  \\$aFive no. a year,$b2005-
=321  \\$aSemiannual,$b1984-1990
=321  \\$aThree no. a year,$b1991
=321  \\$aFour no. a year,$b1992-2004
=336  \\$atext$btxt$2rdacontent
=337  \\$acomputer$bc$2rdamedia
=338  \\$aonline resource$bcr$2rdacarrier
=362  1\$aBegan with v. 8, no. 1 (Sept. 1983).
=580  \\$aIncludes issues of earlier title: Alternative higher education.
=588  \\$aDescription based on: Vol. 8, no. 1 (Sept. 1983); title from journal contents page (SpringerLink, viewed Nov. 10, 2009).
=588  \\$aLatest issue consulted: Volume 41, issue 4 (August 2016) (SpringerLink, viewed July 27, 2016).
=540  \\$aCurrent copyright fee: GBP29.95$c22\1$5Uk
=650  \0$aEducation, Higher$vPeriodicals.
=650  \0$aEducation, Higher$zUnited States$vPeriodicals.
=650  \6$aEnseignement supérieur$zÉtats-Unis$vPériodiques.
=650  \7$aEducation, Higher.$2fast$0(OCoLC)fst00903005
=651  \7$aUnited States.$2fast$0(OCoLC)fst01204155
=655  \7$aPeriodicals.$2fast$0(OCoLC)fst01411641
=776  08$iPrint version:$tInnovative higher education$x0742-5627
=780  10$tAlternative higher education$x2375-6764
=859  \\$aELD$bejournal
=856  \\$31850-9999$uhttp://www.springer.com/gb/$xBLDSS
=856  40$uhttp://link.springer.com/journal/10755
=856  40$uhttp://www.wkap.nl/jrnltoc.htm/0742-5627
=856  40$uhttp://springerlink.metapress.com/content/1573-1758
=856  4\$uhttp://firstsearch.oclc.org$zAddress for accessing the journal using authorization number and password through OCLC FirstSearch Electronic Collections Online
=856  4\$uhttp://firstsearch.oclc.org/journal=0742-5627;screen=info;ECOIP$zAddress for accessing the journal from an authorized IP address through OCLC FirstSearch Electronic Collections Online
=859  \\$aXLD$bejournal
=852  41$aBritish Library$bHMNTS$jELD Digital store$3Volume 43:Issue 1(2018)-
=852  41$aBritish Library$bDSC$j4515.487800$3Volume 22:Issue 1(1997)-Volume 43:Issue 2(2018)***See ESTAR for full holdings.
=945  \\$aINNOVATIVE HIGHER EDUCATION -NEW YORK-.
=959  \\$fHeld but not currently received
=979  \\$aBritish Library$bDSC$j4515.487800
=CAT  \\$aCONV$b00$c20040425$lBLL90$h0713
=CAT  \\$aIPL-CLA$c20150630$lBLL01$h1643
=CAT  \\$aBATCH-UPD$b00$c20150820$lBLL01$h1922
=CAT  \\$aIPL-CLA$c20150930$lBLL01$h1800
=CAT  \\$aBATCH-UPD$b00$c20160217$lBLL01$h1817
=CAT  \\$aIPL-CLA$c20160331$lBLL01$h1721
=CAT  \\$aBATCH-UPD$b00$c20160524$lBLL01$h2156
=CAT  \\$aBATCH-UPD$b00$c20160524$lBLL01$h2245
=CAT  \\$a8124$b40$c20160727$lBLL01$h1532
=CAT  \\$aBATCH-UPD$b40$c20160824$lBLL01$h1843
=CAT  \\$aIPL-CLA$c20160930$lBLL01$h1559
=CAT  \\$aBATCH-UPD$b00$c20170216$lBLL01$h1925
=CAT  \\$aIPL-CLA$c20170331$lBLL01$h1841
=CAT  \\$aBATCH-UPD$b00$c20170904$lBLL01$h1947
=CAT  \\$aIPL-CLA$c20170929$lBLL01$h1725
=CAT  \\$aBATCH-UPD$b00$c20180223$lBLL01$h1826
=CAT  \\$aIPL-CLA$c20180331$lBLL01$h1615
=CAT  \\$aW1805-0475$c20180520$lBLL01$h1631
=CAT  \\$aBATCH-UPD$b00$c20180524$lBLL01$h1743
=CAT  \\$aIPL-CLA$c20180630$lBLL01$h1914
=CAT  \\$aW1908-0780$b00$c20200730$lBLL01$h1324
=CAT  \\$a15190$b40$c20201127$lBLL01$h1527
=CAT  \\$aCDS21$c20220118$lBLL01$h1104
=CAT  \\$aBATCH-UPD$b00$c20221121$lBLL01$h1359
=CAT  \\$a5410$b40$c20221217$lBLL01$h1229
=CAT  \\$aIPL-CLA$c20221231$lBLL01$h1444
=CFI  0\$aCurrent copyright fee: GBP29.95$c22\1$e01-jan-2023$fGBP29.95$g0$hP$5Uk
=CFI  2\$aPrevious copyright fee: GBP34.00$c22\1$e01-jul-2018$fGBP34.00$g0$hP$5Uk
=EST  \\$a1
=FFP  \\$aY$bBLDSS-3PM
=FIN  \\$aY
=LEO  \\$aMP10.0000630652
=LKR  \\$aPAR$b009852885$lBLL01$r776$mInnovative higher education (Online)$nInnovative higher education (Print)
=MNI  \\$a0742-5627
=SID  \\$aZ39$bOCLC
=SRC  \\$aDSS01$bbibmp10.200404.2.aa
=TCO  \\$aNLD$bSTICHTING REPRORECHT$c008
=TOC  \\$aETOC
=UNO  \\$aY
=ACF  \\$aPrevious copyright fee: GBP16.67$c4\2$e01-jan-2006$fGBP16.67$g0$hP$5Uk
=ACF  \\$aPrevious copyright fee: GBP16.22$c4\2$e01-apr-2005$fGBP16.22$g0$hP$5Uk
=ACF  \\$aPrevious copyright fee: GBP16.67$c4\2$e01-jan-2005$fGBP16.67$g0$hP$5Uk
=ACF  \\$aPrevious copyright fee: GBP13.51$c4\2$e01-apr-2004$fGBP13.51$g0$hP$5Uk
=ACF  \\$aCurrent copyright fee: GBP14.71$c4\2$e01-jan-2004$fGBP14.71$g0$hP$5Uk
=ACF  \\$aCurrent copyright fee: GBP15.63$c4\2$e01-jan-2003$fGBP15.63$g0$hP$5Uk
=ACF  \\$aPrevious copyright fee: GBP17.14$c4\2$e01-apr-2006$fGBP17.14$g0$hP$5Uk
=ACF  \\$aPrevious copyright fee: GBP22.00$c4\2$e12-aug-2012$fGBP22.00$g0$hP$5Uk
=ACF  \\$aPrevious copyright fee: GBP25.00$c4\2$e01-jan-2013$fGBP25.00$g0$hP$5Uk
=ACF  \\$aPrevious copyright fee: GBP25.77$c4\2$e01-jul-2013$fGBP25.77$g0$hP$5Uk
=ACF  \\$aPrevious copyright fee: GBP24.97$c4\2$e01-jan-2014$fGBP24.97$g0$hP$5Uk
=ACF  \\$aPrevious copyright fee: GBP24.21$c4\2$e01-jul-2014$fGBP24.21$g0$hP$5Uk
=ACF  \\$aPrevious copyright fee: GBP25.77$c4\2$e01-apr-2015$fGBP25.77$g0$hP$5Uk
=ACF  \\$aPrevious copyright fee: GBP26.63$c4\2$e01-jul-2015$fGBP26.63$g0$hP$5Uk
=ACF  \\$aPrevious copyright fee: GBP25.77$c4\2$e01-oct-2015$fGBP25.77$g0$hP$5Uk
=ACF  \\$aPrevious copyright fee: GBP27.55$c4\2$e01-apr-2016$fGBP27.55$g0$hP$5Uk
=ACF  \\$aPrevious copyright fee: GBP29.59$c4\2$e01-oct-2016$fGBP29.59$g0$hP$5Uk
=ACF  \\$aPrevious copyright fee: GBP31.96$c4\2$e01-apr-2017$fGBP31.96$g0$hP$5Uk
=ACF  \\$aPrevious copyright fee: GBP30.73$c4\2$e01-oct-2017$fGBP30.73$g0$hP$5Uk
=ACF  \\$aPrevious copyright fee: GBP28.54$c4\2$e01-apr-2018$fGBP28.54$g0$hP$5Uk
=LAS  \\$aIPL-CLA$b00$c20221231$lBLL01$h1444

