=LDR  07106cas a2201441 a 4500
=001  012433764
=003  Uk
=005  20230201203144.0
=006  m\\\\\o\\j\\\\\\\\
=007  cr\cnu||||||||
=008  970917c19879999ne\mr\pso\\\\\0\\\a0eng\c
=FMT  \\$a  SE
=010  \\$a2004233148
=019  c\$a102323574
=022  0\$a1573-4951$l0920-654X$y0920-654X$2j
=035  \\$a(OCoLC)37632215$z(OCoLC)300538256
=037  \\$a???$bSpringer
=040  \\$aDLM$beng$cDLM$dOCL$dOCLCQ$dMUQ$dOCLCQ$dGUA$dOCLCQ$dSERSO$dOCLCQ$dOCLCO$dOCLCQ$dBUF$dCUD$dUk
=042  \\$aukblsr
=050  14$aQD480
=082  04$a539.12$223
=130  0\$aJournal of computer-aided molecular design (Online)
=210  1\$aJ. comput.-aided mol. des.$b(Dordr., Online)
=222  \0$aJournal of computer-aided molecular design$b(Dordrecht. Online)
=245  10$aJournal of computer-aided molecular design$h[electronic resource].
=246  30$aComputer-aided molecular design
=260  \\$a[Dordrecht] :$bKluwer Academic Publishers,$c1987-
=260  3\$3Sept. 2005- :$a[Netherlands] :$bSpringer Netherlands
=310  \\$aMonthly,$b2001-
=321  \\$aBimonthly,$b<1997>-1999
=321  \\$a8 issues yearly,$b2000
=336  \\$atext$2rdacontent
=337  \\$acomputer$2rdamedia
=338  \\$aonline resource$2rdacarrier
=362  1\$aPrint began with v. 1, no. 1 (Apr. 1987).
=538  \\$aMode of access: World Wide Web.
=588  \\$aDescription based on: Vol. 11, issue 1 (Jan. 1997); title from contents screen (publisher's Web site, viewed Feb. 4, 2004).
=588  \\$aLatest issue consulted: Vol. 26, issue 12 (Dec. 2012) (Springer Link, viewed Feb. 11, 2013).
=540  \\$aCurrent copyright fee: GBP29.95$c22\1$5Uk
=650  \0$aMolecules$xModels$vPeriodicals.
=650  \0$aComputer-aided design$vPeriodicals.
=650  \6$aMolécules$xModèles$vPériodiques.
=650  \6$aConception assistée par ordinateur$vPériodiques.
=655  \0$aElectronic journals.
=776  08$iPrint version:$tJournal of computer-aided molecular design$x0920-654X
=780  05$tPerspectives in drug discovery and design (Online)$g2001$x1573-9023
=859  \\$aELD$bejournal
=856  \\$31850-9999$uhttp://www.springer.com/gb/$xBLDSS
=856  4\$uhttp://www.ibc.wustl.edu/jcamd/jcamd.html$zLink no longer valid as of Feb. 11, 2013:
=856  4\$uhttp://www.kluweronline.com/issn/0920-654X/contents$zLink no longer valid as of Feb. 11, 2013:
=856  40$uhttp://link.springer.com/journal/10822
=859  \\$aXLD$bejournal
=852  41$aBritish Library$bHMNTS$jELD Digital store$3Volume 31:Issue 12(2017)-
=852  41$aBritish Library$bDSC$j4963.580000$3Volume 12:Issue 3(1998)-Volume 32:Issue 3(2018)***See ESTAR for full holdings.
=945  \\$aJournal of computer aided molecular design
=959  \\$fHeld but not currently received
=979  \\$aBritish Library$bDSC$j4963.580000
=A02  \\$a102323574
=CAT  \\$aCONV$b00$c20040425$lBLL90$h0713
=CAT  \\$aBATCH-UPD$b00$c20150520$lBLL01$h1701
=CAT  \\$aIPL-CLA$c20150630$lBLL01$h1643
=CAT  \\$aBATCH-UPD$b00$c20150820$lBLL01$h1751
=CAT  \\$aIPL-CLA$c20150930$lBLL01$h1800
=CAT  \\$aBATCH-UPD$b00$c20160217$lBLL01$h1637
=CAT  \\$aIPL-CLA$c20160331$lBLL01$h1721
=CAT  \\$aBATCH-UPD$b00$c20160524$lBLL01$h2156
=CAT  \\$aBATCH-UPD$b00$c20160524$lBLL01$h2246
=CAT  \\$aBATCH-UPD$b00$c20160824$lBLL01$h1714
=CAT  \\$aIPL-CLA$c20160930$lBLL01$h1559
=CAT  \\$aBATCH-UPD$b00$c20170216$lBLL01$h1801
=CAT  \\$aIPL-CLA$c20170331$lBLL01$h1841
=CAT  \\$aBATCH-UPD$b00$c20170904$lBLL01$h1803
=CAT  \\$aIPL-CLA$c20170929$lBLL01$h1725
=CAT  \\$aBATCH-UPD$b00$c20180223$lBLL01$h1618
=CAT  \\$aIPL-CLA$c20180331$lBLL01$h1615
=CAT  \\$aW1805-0475$c20180520$lBLL01$h1631
=CAT  \\$aBATCH-UPD$b00$c20180524$lBLL01$h1652
=CAT  \\$aIPL-CLA$c20180630$lBLL01$h1914
=CAT  \\$aW1908-0780$b00$c20200730$lBLL01$h1324
=CAT  \\$a15190$b40$c20210212$lBLL01$h1104
=CAT  \\$aCDS21$c20220118$lBLL01$h1104
=CAT  \\$aBATCH-UPD$b00$c20221121$lBLL01$h1359
=CAT  \\$aIPL-CLA$c20221231$lBLL01$h1444
=CAT  \\$a5410$b40$c20230201$lBLL01$h2031
=CFI  0\$aCurrent copyright fee: GBP29.95$c22\1$e01-jan-2023$fGBP29.95$g0$hP$5Uk
=CFI  2\$aPrevious copyright fee: GBP34.00$c22\1$e01-jul-2018$fGBP34.00$g0$hP$5Uk
=EST  \\$a1
=FFP  \\$aY$bBLDSS-3PM
=FIN  \\$aY
=LEO  \\$aMP10.0000631034
=LKR  \\$aPAR$b013574698$lBLL01$r780$mJournal of computer-aided molecular design$nPerspectives in drug discovery and design
=LKR  \\$aPAR$b008216740$lBLL01$r776$mJournal of computer-aided molecular design (Online)$nJournal of computer-aided molecular design (Print)
=MNI  \\$a0920-654X
=SID  \\$aZ39$bOCLC
=SRC  \\$aDSS01$bbibmp10.200404.2.aa
=TCO  \\$aNLD$bSTICHTING REPRORECHT$c008
=TOC  \\$aETOC
=UNO  \\$aY
=ACF  \\$aPrevious copyright fee: GBP21.25$c13\1$e01-jan-2009$fGBP21.25$g0$hP$5Uk
=ACF  \\$aPrevious copyright fee: GBP16.75$c13\1$e01-jan-2007$fGBP16.75$g0$hP$5Uk
=ACF  \\$aPrevious Copyright Fee: GBP16.22$c13\1$e01-oct-2006$fGBP16.22$g0$hP$5Uk
=ACF  \\$aPrevious copyright fee: GBP17.14$c13\1$e01-apr-2006$fGBP17.14$g0$hP$5Uk
=ACF  \\$aPrevious copyright fee: GBP16.67$c13\1$e01-jan-2006$fGBP16.67$g0$hP$5Uk
=ACF  \\$aPrevious copyright fee: GBP16.22$c13\1$e01-apr-2005$fGBP16.22$g0$hP$5Uk
=ACF  \\$aPrevious copyright fee: GBP16.67$c13\1$e01-jan-2005$fGBP16.67$g0$hP$5Uk
=ACF  \\$aPrevious copyright fee: GBP13.51$c13\1$e01-apr-2004$fGBP13.51$g0$hP$5Uk
=ACF  \\$aCurrent copyright fee: GBP14.71$c13\1$e01-jan-2004$fGBP14.71$g0$hP$5Uk
=ACF  \\$aCurrent copyright fee: GBP15.63$c13\1$e01-jan-2003$fGBP15.63$g0$hP$5Uk
=ACF  \\$aPrevious copyright fee: GBP22.00$c13\1$e01-apr-2009$fGBP22.00$g0$hP$5Uk
=ACF  \\$aPrevious copyright fee: GBP22.00$c13\1$e12-aug-2012$fGBP22.00$g0$hP$5Uk
=ACF  \\$aPrevious copyright fee: GBP25.00$c13\1$e01-jan-2013$fGBP25.00$g0$hP$5Uk
=ACF  \\$aPrevious copyright fee: GBP25.77$c13\1$e01-jul-2013$fGBP25.77$g0$hP$5Uk
=ACF  \\$aPrevious copyright fee: GBP24.97$c13\1$e01-jan-2014$fGBP24.97$g0$hP$5Uk
=ACF  \\$aPrevious copyright fee: GBP24.21$c13\1$e01-jul-2014$fGBP24.21$g0$hP$5Uk
=ACF  \\$aPrevious copyright fee: GBP25.77$c13\1$e01-apr-2015$fGBP25.77$g0$hP$5Uk
=ACF  \\$aPrevious copyright fee: GBP26.63$c13\1$e01-jul-2015$fGBP26.63$g0$hP$5Uk
=ACF  \\$aPrevious copyright fee: GBP25.77$c13\1$e01-oct-2015$fGBP25.77$g0$hP$5Uk
=ACF  \\$aPrevious copyright fee: GBP27.55$c13\1$e01-apr-2016$fGBP27.55$g0$hP$5Uk
=ACF  \\$aPrevious copyright fee: GBP29.59$c13\1$e01-oct-2016$fGBP29.59$g0$hP$5Uk
=ACF  \\$aPrevious copyright fee: GBP31.96$c13\1$e01-apr-2017$fGBP31.96$g0$hP$5Uk
=ACF  \\$aPrevious copyright fee: GBP30.73$c13\1$e01-oct-2017$fGBP30.73$g0$hP$5Uk
=ACF  \\$aPrevious copyright fee: GBP28.54$c13\1$e01-apr-2018$fGBP28.54$g0$hP$5Uk
=LAS  \\$a5410$b40$c20230201$lBLL01$h2031

