=LDR  07074cas a2201489 a 4500
=001  012433851
=003  Uk
=005  20230214204650.0
=006  m\\\\\o\\d\\\\\\\\
=007  cr\|||||||||||
=008  000531c19869999nyubx\pso\\\\\0\\\a0eng\c
=FMT  \\$a  SE
=010  \\$a  2004233356
=019  c\$a102305521
=022  \\$a1573-2851$l0885-7482
=035  \\$a(OCoLC)44156540$z(OCoLC)44169551$z(OCoLC)50180253
=037  \\$a???$bSpringer
=040  \\$aOH1$beng$cOH1$dOCL$dOCLCQ$dMUQ$dOCLCQ$dGUA$dF#A$dTHD$dOCLCQ$dOCL$dDLC$dOCLCQ$dBUF$dUk
=042  \\$aukblsr
=043  \\$an-us---
=050  14$aHQ809
=082  04$a362.8292$223
=130  0\$aJournal of family violence (Online)
=222  \0$aJournal of family violence$b(Dordrecht. Online)
=245  10$aJournal of family violence$h[electronic resource].
=260  \\$a[New York, N.Y.] :$bKluwer Academic/Plenum Publishers
=260  3\$3Dec. 2004- :$a[New York] :$bSpringer US
=310  \\$aEight issues yearly,$b2006-
=321  \\$aQuarterly,$b<1997>-2002
=321  \\$aBimonthly,$b2003-2005
=336  \\$atext$2rdacontent
=337  \\$acomputer$2rdamedia
=338  \\$aonline resource$2rdacarrier
=362  1\$aPrint began with vol. 1, no. 1 (Mar. 1986).
=595  \\$aSee also Card Index.
=538  \\$aMode of access: World Wide Web.
=588  \\$aDescription based on: Vol. 12, issue 1 (Mar. 1997); title from contents screen (publisher's Web site, viewed Feb. 25, 2004).
=588  \\$aLatest issue consulted: volume 30, issue 7 (October 2015) (SpringerLink, viewed September 22, 2015).
=540  \\$aCurrent copyright fee: GBP34.95$c22\1$5Uk
=650  \0$aFamily violence$vPeriodicals.
=650  \0$aFamily violence$zUnited States$vPeriodicals.
=650  \2$aChild Abuse$vperiodicals.
=650  \2$aElder Abuse$vperiodicals.
=650  \2$aFamily$vperiodicals.
=650  \2$aSpouse Abuse$vperiodicals.
=650  \6$aViolence familiale$vPériodiques.
=650  \6$aViolence familiale$zÉtats-Unis$vPériodiques.
=655  \0$aElectronic journals.
=690  7\$aSocial Welfare$2blcoll
=776  08$iPrint version:$tJournal of family violence$x0885-7482
=859  \\$aELD$bejournal
=856  \\$31850-9999$uhttp://www.springer.com/gb/$xBLDSS
=856  40$uhttp://link.springer.com/journal/10896
=856  40$uhttp://firstsearch.oclc.org$zAddress for accessing the journal using authorization number and password through OCLC FirstSearch Electronic Collections Online
=856  4\$uhttp://www.kluweronline.com/issn/0885-7482/contents$zLink no longer valid as of Feb. 12, 2013:
=859  \\$aXLD$bejournal
=852  41$aBritish Library$bDSC$j4983.746000$3Volume 12:Issue 1(1997)-Volume 33:Issue 3(2018)***See ESTAR for full holdings.
=852  41$aBritish Library$bHMNTS$jELD Digital store$3Volume 33:Issue 2(2018)-
=945  \\$aJournal of family violence
=959  \\$fHeld but not currently received
=979  \\$aBritish Library$bDSC$j4983.746000
=A02  \\$a102305521
=CAT  \\$aCONV$b00$c20040425$lBLL90$h0713
=CAT  \\$aBATCH-SWP$c20150925$lBLL01$h2207
=CAT  \\$aIPL-CLA$c20150930$lBLL01$h1800
=CAT  \\$aBATCH-UPD$b00$c20160217$lBLL01$h1857
=CAT  \\$aIPL-CLA$c20160331$lBLL01$h1721
=CAT  \\$aBATCH-UPD$b00$c20160524$lBLL01$h2156
=CAT  \\$aBATCH-UPD$b00$c20160524$lBLL01$h2246
=CAT  \\$aBATCH-UPD$b00$c20160824$lBLL01$h1916
=CAT  \\$aIPL-CLA$c20160930$lBLL01$h1559
=CAT  \\$aBATCH-UPD$b00$c20170216$lBLL01$h2001
=CAT  \\$aIPL-CLA$c20170331$lBLL01$h1841
=CAT  \\$aBATCH-UPD$b00$c20170904$lBLL01$h2032
=CAT  \\$aIPL-CLA$c20170929$lBLL01$h1725
=CAT  \\$aBATCH-UPD$b00$c20180223$lBLL01$h1931
=CAT  \\$aIPL-CLA$c20180331$lBLL01$h1615
=CAT  \\$aW1805-0475$c20180520$lBLL01$h1631
=CAT  \\$aBATCH-UPD$b00$c20180524$lBLL01$h1811
=CAT  \\$aIPL-CLA$c20180630$lBLL01$h1914
=CAT  \\$aW1908-0780$b00$c20200730$lBLL01$h1324
=CAT  \\$a15190$b40$c20210217$lBLL01$h0944
=CAT  \\$a5552$b40$c20210816$lBLL01$h1414
=CAT  \\$aIPL-CLA$c20210930$lBLL01$h1527
=CAT  \\$aCDS21$c20220118$lBLL01$h1104
=CAT  \\$aBATCH-UPD$b00$c20221121$lBLL01$h1410
=CAT  \\$aIPL-CLA$c20221231$lBLL01$h1444
=CAT  \\$a5410$b40$c20230214$lBLL01$h2046
=CFI  0\$aCurrent copyright fee: GBP34.95$c22\1$e01-jan-2023$fGBP34.95$g0$hP$5Uk
=CFI  2\$aPrevious copyright fee: GBP43.00$c22\1$e01-oct-2021$fGBP43.00$g0$hP$5Uk
=EST  \\$a1
=FFP  \\$aY$bBLDSS-3PM
=FIN  \\$aY
=LEO  \\$aMP10.0000631121
=LKR  \\$aPAR$b010489559$lBLL01$r776$mJournal of family violence (Online)$nJournal of family violence (Print)
=MNI  \\$a0885-7482
=SID  \\$aZ39$bOCLC
=SRC  \\$aDSS01$bbibmp10.200404.2.aa
=TCO  \\$aNLD$bSTICHTING REPRORECHT$c008
=TOC  \\$aETOC
=UNO  \\$aY
=ACF  \\$aPrevious copyright fee: GBP21.25$c4\4$e01-jan-2009$fGBP21.25$g0$hP$5Uk
=ACF  \\$aPrevious Copyright Fee: GBP16.75$c4\4$e01-jan-2007$fGBP16.75$g0$hP$5Uk
=ACF  \\$aPrevious copyright fee: GBP16.22$c4\4$e01-oct-2006$fGBP16.22$g0$hP$5Uk
=ACF  \\$aPrevious copyright fee: GBP17.14$c4\4$e01-apr-2006$fGBP17.14$g0$hP$5Uk
=ACF  \\$aPrevious copyright fee: GBP16.67$c4\4$e01-jan-2006$fGBP16.67$g0$hP$5Uk
=ACF  \\$aPrevious copyright fee: GBP16.22$c4\4$e01-apr-2005$fGBP16.22$g0$hP$5Uk
=ACF  \\$aPrevious copyright fee: GBP16.67$c4\4$e01-jan-2005$fGBP16.67$g0$hP$5Uk
=ACF  \\$aPrevious copyright fee: GBP13.51$c4\4$e01-apr-2004$fGBP13.51$g0$hP$5Uk
=ACF  \\$aCurrent copyright fee: GBP14.71$c4\4$e01-jan-2004$fGBP14.71$g0$hP$5Uk
=ACF  \\$aCurrent copyright fee: GBP15.63$c4\4$e01-jan-2003$fGBP15.63$g0$hP$5Uk
=ACF  \\$aPrevious copyright fee: GBP22.00$c4\4$e01-apr-2009$fGBP22.00$g0$hP$5Uk
=ACF  \\$aPrevious copyright fee: GBP22.00$c4\4$e12-aug-2012$fGBP22.00$g0$hP$5Uk
=ACF  \\$aPrevious copyright fee: GBP25.00$c4\4$e01-jan-2013$fGBP25.00$g0$hP$5Uk
=ACF  \\$aPrevious copyright fee: GBP25.77$c4\4$e01-jul-2013$fGBP25.77$g0$hP$5Uk
=ACF  \\$aPrevious copyright fee: GBP24.97$c4\4$e01-jan-2014$fGBP24.97$g0$hP$5Uk
=ACF  \\$aPrevious copyright fee: GBP24.21$c4\4$e01-jul-2014$fGBP24.21$g0$hP$5Uk
=ACF  \\$aPrevious copyright fee: GBP25.77$c4\4$e01-apr-2015$fGBP25.77$g0$hP$5Uk
=ACF  \\$aPrevious copyright fee: GBP26.63$c4\4$e01-jul-2015$fGBP26.63$g0$hP$5Uk
=ACF  \\$aPrevious copyright fee: GBP25.77$c4\4$e01-oct-2015$fGBP25.77$g0$hP$5Uk
=ACF  \\$aPrevious copyright fee: GBP27.55$c4\4$e01-apr-2016$fGBP27.55$g0$hP$5Uk
=ACF  \\$aPrevious copyright fee: GBP29.59$c4\4$e01-oct-2016$fGBP29.59$g0$hP$5Uk
=ACF  \\$aPrevious copyright fee: GBP31.96$c4\4$e01-apr-2017$fGBP31.96$g0$hP$5Uk
=ACF  \\$aPrevious copyright fee: GBP30.73$c4\4$e01-oct-2017$fGBP30.73$g0$hP$5Uk
=ACF  \\$aPrevious copyright fee: GBP28.54$c4\4$e01-apr-2018$fGBP28.54$g0$hP$5Uk
=ACF  \\$aPrevious copyright fee: GBP34.00$c22\1$e01-jul-2018$fGBP34.00$g0$hP$5Uk
=LAS  \\$a5410$b40$c20230214$lBLL01$h2046

