=LDR  06981cas a2201441 a 4500
=001  012433912
=003  Uk
=005  20230519194636.0
=006  m\\\\\\\\d\\\\\\\\
=007  cr||||||||||||
=008  040410c19979999enkmr\p\s\\\\\0\\\a0eng\\
=FMT  \\$a  SE
=019  c\$a102542866
=022  0\$a1476-5535$202
=037  \\$aISSN_13675435_4$bPortico$nOxford University Press
=040  \\$aUk$beng$cUk$dUk
=042  \\$aukblsr$aissnuk
=082  04$a660.62$223
=130  0\$aJournal of industrial microbiology & biotechnology (Online)
=210  0\$aJ. ind. microbiol. biotech.$b(Online)
=222  \0$aJournal of industrial microbiology and biotechnology$b(Online)
=245  10$aJournal of industrial microbiology & biotechnology$h[electronic resource].
=246  3\$aJournal of industrial microbiology and biotechnology
=246  13$aJIM&B
=260  \\$aBasingstoke :$bStockton,$c[1996]-
=260  2\$aHeidelberg :$bSpringer
=264  31$32021-$aOxford :$bOxford University Press
=310  \\$aMonthly
=336  \\$atext$2rdacontent
=337  \\$acomputer$2rdamedia
=338  \\$aonline resource$2rdacarrier
=362  0\$aPrint began with volume 17, number 3/4 (September/October 1996).
=500  \\$aTitle from title screen via ESTAR.
=550  \\$aPublished for the Society for Industrial Microbiology, later: Society for Industrial Microbiology and Biotechnology.
=580  \\$aIncludes issues of earlier title: Journal of industrial microbiology.
=588  \\$aDescription based on print version record.
=588  \\$aLatest issue consulted: volume 48, issue 1/2 (February 2021) (Oxford Academic, viewed May 6, 2021).
=516  \\$aPDF format.
=538  \\$aMode of access: Internet.
=540  \\$aCurrent copyright fee: zero$c29\0$5Uk
=650  \0$aIndustrial microbiology$vPeriodicals.
=710  2\$aSociety for Industrial Microbiology (U.S.)
=710  2\$aSociety for Industrial Microbiology and Biotechnology (U.S.)
=776  08$iPrint version, -2020:$tJournal of industrial microbiology & biotechnology$x1367-5435
=780  10$tJournal of industrial microbiology (Online)
=856  \\$31850-9999$uhttp://www.springer.com/gb/$xBLDSS
=856  40$uhttp://www.springerlink.com/content/100967/
=856  4\$uhttp://www.nature.com/jim/$zLink no longer valid
=856  40$uhttps://academic.oup.com/jimb
=859  \\$aXLD$bejournal
=859  \\$aELD$bejournal
=852  41$aBritish Library$bDSC$j5006.330500$3Volume 18:Issue 1(1997)-Volume 45:Issue 4(2018)***See ESTAR for full holdings.
=852  41$aBritish Library$bHMNTS$jELD Digital store$3Volume 41:Number 1(2014)-
=945  \\$aJournal of industrial microbiology and biotechnology
=959  \\$fHeld but not currently received
=979  \\$aBritish Library$bDSC$j5006.330500
=985  \\$aResponsibility for ISSN transferred to German Centre from ISSN UK Centre, 06.06.08
=985  \\$aResponsibility switched back to UK (Richard, 06/05/21)
=A02  \\$a102542866
=CAT  \\$aCONV$b00$c20040425$lBLL90$h0713
=CAT  \\$aBATCH-UPD$b00$c20170216$lBLL01$h1842
=CAT  \\$aIPL-CLA$c20170331$lBLL01$h1841
=CAT  \\$aBATCH-UPD$b00$c20170904$lBLL01$h1851
=CAT  \\$aIPL-CLA$c20170929$lBLL01$h1725
=CAT  \\$a8055$b40$c20171128$lBLL01$h1254
=CAT  \\$a11205$b40$c20171128$lBLL01$h1406
=CAT  \\$aBATCH-UPD$b40$c20180223$lBLL01$h1719
=CAT  \\$aIPL-CLA$c20180331$lBLL01$h1615
=CAT  \\$aW1805-0475$c20180520$lBLL01$h1631
=CAT  \\$aBATCH-UPD$b00$c20180524$lBLL01$h1713
=CAT  \\$aIPL-CLA$c20180630$lBLL01$h1914
=CAT  \\$a11315$b40$c20180810$lBLL01$h1035
=CAT  \\$aW1908-0780$b00$c20200730$lBLL01$h1324
=CAT  \\$a5552$b40$c20210215$lBLL01$h1335
=CAT  \\$a10806$b40$c20210506$lBLL01$h1152
=CAT  \\$a10806$b40$c20210506$lBLL01$h1155
=CAT  \\$a12654$b40$c20210623$lBLL01$h1414
=CAT  \\$a10806$b40$c20210705$lBLL01$h0739
=CAT  \\$a10806$b40$c20210705$lBLL01$h0742
=CAT  \\$a10983$b40$c20210904$lBLL01$h1332
=CAT  \\$aCDS21$c20220118$lBLL01$h1104
=CAT  \\$a12654$b40$c20220317$lBLL01$h1440
=CAT  \\$aBATCH-SUPP$c20230426$lBLL01$h1108
=CAT  \\$aBATCH-FIX$c20230511$lBLL01$h1628
=CAT  \\$a5410$b40$c20230519$lBLL01$h1946
=CFI  0\$aCurrent Copyright Fee: zero$c29\0$e17-mar-2022$fGBP0.00$g0$hP$5Uk
=CFI  2\$aPrevious Copyright Fee: zero$c19\0$e23-jun-2021$fGBP0.00$g0$hP$5Uk
=EST  \\$a1
=FFP  \\$aY$bBLDSS-3PM
=FIN  \\$aY
=LEO  \\$aMP22.0000068641
=LKR  \\$aPAR$b007530656$lBLL01$nJournal of industrial microbiology & biotechnology (Print)$mJournal of industrial microbiology & biotechnology (Online)$r776
=MNI  \\$a1367-5435
=SRC  \\$aISN01$bbibmp22.200404.2.aa
=SRC  \\$aDSS01$bbibmp10.200404.2.aa
=TCO  \\$aNLD$bSTICHTING REPRORECHT$c008
=TCO  \\$aDEU$bVG WORT$c008
=TOC  \\$aETOC
=UNO  \\$aY
=ACF  \\$aPrevious Copyright Fee: zero$c29\0$e15-feb-2021$fGBP0.00$g0$hP$5Uk
=ACF  \\$aPrevious copyright fee: GBP34.00$c22\1$e01-jul-2018$fGBP34.00$g0$hP$5Uk
=ACF  \\$aPrevious copyright fee: GBP28.54$c22\3$e01-apr-2018$fGBP28.54$g0$hP$5Uk
=ACF  \\$aPrevious copyright fee: GBP16.67$c22\3$e01-jan-2006$fGBP16.67$g0$hP$5Uk
=ACF  \\$aPrevious copyright fee: GBP16.22$c22\3$e01-apr-2005$fGBP16.22$g0$hP$5Uk
=ACF  \\$aPrevious copyright fee: GBP16.67$c22\3$e01-jan-2005$fGBP16.67$g0$hP$5Uk
=ACF  \\$aPrevious copyright fee: GBP18.92$c22\3$e24-nov-2004$fGBP18.92$g0$hP$5Uk
=ACF  \\$aCurrent copyright fee: GBP13.51$c16\0$e01-apr-2004$fGBP13.51$g0$hP$5Uk
=ACF  \\$aCurrent copyright fee: GBP14.71$c16\0$e16-feb-2004$fGBP14.71$g0$hP$5Uk
=ACF  \\$aCurrent copyright fee: GBP14.71$c0$e01-jan-2004$fGBP14.71$g0$hC$5Uk
=ACF  \\$aPrevious copyright fee: GBP17.14$c22\3$e01-apr-2006$fGBP17.14$g0$hP$5Uk
=ACF  \\$aPrevious copyright fee: GBP22.00$c22\3$e12-aug-2012$fGBP22.00$g0$hP$5Uk
=ACF  \\$aPrevious copyright fee: GBP25.00$c22\3$e01-jan-2013$fGBP25.00$g0$hP$5Uk
=ACF  \\$aPrevious copyright fee: GBP25.77$c22\3$e01-jul-2013$fGBP25.77$g0$hP$5Uk
=ACF  \\$aPrevious copyright fee: GBP24.97$c22\3$e01-jan-2014$fGBP24.97$g0$hP$5Uk
=ACF  \\$aPrevious copyright fee: GBP24.21$c22\3$e01-jul-2014$fGBP24.21$g0$hP$5Uk
=ACF  \\$aPrevious copyright fee: GBP25.77$c22\3$e01-apr-2015$fGBP25.77$g0$hP$5Uk
=ACF  \\$aPrevious copyright fee: GBP26.63$c22\3$e01-jul-2015$fGBP26.63$g0$hP$5Uk
=ACF  \\$aPrevious copyright fee: GBP25.77$c22\3$e01-oct-2015$fGBP25.77$g0$hP$5Uk
=ACF  \\$aPrevious copyright fee: GBP27.55$c22\3$e01-apr-2016$fGBP27.55$g0$hP$5Uk
=ACF  \\$aPrevious copyright fee: GBP29.59$c22\3$e01-oct-2016$fGBP29.59$g0$hP$5Uk
=ACF  \\$aPrevious copyright fee: GBP31.96$c22\3$e01-apr-2017$fGBP31.96$g0$hP$5Uk
=ACF  \\$aPrevious copyright fee: GBP30.73$c22\3$e01-oct-2017$fGBP30.73$g0$hP$5Uk
=LAS  \\$a5410$b40$c20230519$lBLL01$h1946

