=LDR  07504cas a2201537 a 4500
=001  012433941
=003  Uk
=005  20221231144437.0
=006  m\\\\\o\\d\\\\\\\\
=007  cr\|||||||||||
=008  990728c19979999nyumx\pso\\\\\0\\\a0eng\c
=FMT  \\$a  SE
=010  \\$a  2004700024
=019  c\$a102542037
=022  0\$a1572-8595
=035  \\$a(OCoLC)41973074
=037  \\$a???$bSpringer
=040  \\$aOCoLC$beng$cOCoLC$dOCoLC$dCaQMU$dOCoLC$dPPiU$dWaSeSS$dCLU$dMH$dOCoLC$dWaSeSS$dOCoLC$dUk
=042  \\$aukblsr
=050  \4$aRC685.A65
=082  04$a616.12806$223
=130  0\$aJournal of interventional cardiac electrophysiology (Online)
=222  \0$aJournal of interventional cardiac electrophysiology$b(Online)
=245  10$aJournal of interventional cardiac electrophysiology$h[electronic resource].
=260  \\$31997- :$a[Norwell, MA] :$bKluwer,$c[1997]-
=260  3\$3<2010-> :$aNew York :$bSpringer
=310  \\$aTen issues a year,$b2014-
=321  \\$aQuarterly,$b-2001
=321  \\$aBimonthly,$b2002-
=321  \\$aNine issues a year,$b<2008>-2013
=336  \\$atext$2rdacontent
=337  \\$acomputer$2rdamedia
=338  \\$aonline resource$2rdacarrier
=362  0\$aVol. 1, issue 1 (July 1997)-
=500  \\$aTitle from issue table of contents (Publisher's Web site, viewed Aug. 18, 2004).
=550  \\$aOfficial journal of the European Cardiac Arrhythmia Society, <2008->.
=588  \\$aLatest issue consulted: volume 43, issue 3 (September 2015) (viewed September 3, 2015).
=540  \\$aCurrent copyright fee: GBP34.95$c22\1$5Uk
=650  \0$aArrhythmia$xTreatment$vPeriodicals.
=650  \0$aCardiac pacing$vPeriodicals.
=650  \0$aElectrophysiology$vPeriodicals.
=650  \2$aArrhythmias, Cardiac$xtherapy$vPeriodicals.
=650  \2$aCardiac pacing, Artificial$vPeriodicals.
=650  \2$aElectrophysiology$vPeriodicals.
=650  \6$aArythmie$xTraitement$vPériodiques.
=650  \6$aCœur$xStimulation$vPériodiques.
=650  \6$aÉlectrophysiologie$vPériodiques.
=780  05$tCardiac electrophysiology review$x1385-2264
=710  2\$aEuropean Cardiac Arrhythmia Society.
=776  08$iPrint version:$tJournal of interventional cardiac electrophysiology$x1383-875X
=780  05$tCardiac electrophysiology review (Online)$x1573-725X
=859  \\$aELD$bejournal
=856  \\$31850-9999$uhttp://www.springer.com/gb/$xBLDSS
=856  40$uhttp://firstsearch.oclc.org$zAddress for accessing the journal using authorization number and password through OCLC FirstSearch Electronic Collections Online
=856  40$uhttp://www.kluweronline.com/issn/1383-875X/
=856  40$uhttp://link.springer.com/journal/volumesAndIssues/10840
=859  \\$aXLD$bejournal
=852  41$aBritish Library$bDSC$j5007.695900$3Volume 1:Issue 4(1997)-Volume 51:Issue 2(2018)***See ESTAR for full holdings.
=852  41$aBritish Library$bHMNTS$jELD Digital store$3Volume 50:Issue 3(2017)-
=945  \\$aJournal of interventional cardiac electrophysiology
=959  \\$fHeld but not currently received
=979  \\$aBritish Library$bDSC$j5007.695900
=985  \\$aCONFERENCE ANALYTIC &RECORDS EXIST
=A02  \\$a102542037
=CAT  \\$aCONV$b00$c20040425$lBLL90$h0713
=CAT  \\$a11316$b40$c20150903$lBLL01$h1540
=CAT  \\$aIPL-CLA$c20150930$lBLL01$h1800
=CAT  \\$aBATCH-UPD$b00$c20160217$lBLL01$h1900
=CAT  \\$aIPL-CLA$c20160331$lBLL01$h1721
=CAT  \\$aBATCH-UPD$b00$c20160518$lBLL01$h1132
=CAT  \\$aBATCH-UPD$b00$c20160524$lBLL01$h2156
=CAT  \\$aBATCH-UPD$b00$c20160824$lBLL01$h1921
=CAT  \\$aIPL-CLA$c20160930$lBLL01$h1559
=CAT  \\$aBATCH-UPD$b00$c20170216$lBLL01$h2008
=CAT  \\$aIPL-CLA$c20170331$lBLL01$h1841
=CAT  \\$aBATCH-UPD$b00$c20170904$lBLL01$h2040
=CAT  \\$aIPL-CLA$c20170929$lBLL01$h1725
=CAT  \\$aBATCH-UPD$b00$c20180223$lBLL01$h1938
=CAT  \\$aIPL-CLA$c20180331$lBLL01$h1615
=CAT  \\$aW1805-0475$c20180520$lBLL01$h1631
=CAT  \\$aBATCH-UPD$b00$c20180524$lBLL01$h1812
=CAT  \\$aIPL-CLA$c20180630$lBLL01$h1914
=CAT  \\$aW1908-0780$b00$c20200730$lBLL01$h1324
=CAT  \\$a15190$b40$c20210223$lBLL01$h0948
=CAT  \\$a5552$b40$c20210818$lBLL01$h1028
=CAT  \\$aIPL-CLA$c20210930$lBLL01$h1527
=CAT  \\$aCDS21$c20220118$lBLL01$h1104
=CAT  \\$aBATCH-UPD$b00$c20221121$lBLL01$h1410
=CAT  \\$a5410$b40$c20221217$lBLL01$h1251
=CAT  \\$aIPL-CLA$c20221231$lBLL01$h1444
=CFI  0\$aCurrent copyright fee: GBP34.95$c22\1$e01-jan-2023$fGBP34.95$g0$hP$5Uk
=CFI  2\$aPrevious copyright fee: GBP43.00$c22\1$e01-oct-2021$fGBP43.00$g0$hP$5Uk
=EST  \\$a1
=FFP  \\$aY$bBLDSS-3PM
=FIN  \\$aY
=LEO  \\$aMP10.0000631211
=LKR  \\$aPAR$b012432341$lBLL01$r78005$mJournal of interventional cardiac electrophysiology (Online)$nCardiac electrophysiology review (Online)
=LKR  \\$aPAR$b010490330$lBLL01$r776$mJournal of interventional cardiac electrophysiology (Online)$nJournal of interventional cardiac electrophysiology (Print)
=MNI  \\$a1383-875X
=SRC  \\$aDSS01$bbibmp10.200404.2.aa
=SRC  \\$aBLL02
=TCO  \\$aNLD$bSTICHTING REPRORECHT$c008
=TCO  \\$aTRS$bCCC$c008
=TOC  \\$aETOC
=UNO  \\$aY
=ACF  \\$aPrevious copyright fee: GBP21.25$c4\5$e01-jan-2009$fGBP21.25$g0$hP$5Uk
=ACF  \\$aPrevious Copyright Fee: GBP16.75$c4\5$e01-jan-2007$fGBP16.75$g0$hP$5Uk
=ACF  \\$aPrevious copyright fee: GBP16.22$c4\5$e01-oct-2006$fGBP16.22$g0$hP$5Uk
=ACF  \\$aPrevious copyright fee: GBP17.14$c4\5$e01-apr-2006$fGBP17.14$g0$hP$5Uk
=ACF  \\$aPrevious copyright fee: GBP16.67$c4\5$e01-jan-2006$fGBP16.67$g0$hP$5Uk
=ACF  \\$aPrevious copyright fee: GBP16.22$c4\5$e01-apr-2005$fGBP16.22$g0$hP$5Uk
=ACF  \\$aPrevious copyright fee: GBP16.67$c4\5$e01-jan-2005$fGBP16.67$g0$hP$5Uk
=ACF  \\$aPrevious copyright fee: GBP13.51$c4\5$e01-apr-2004$fGBP13.51$g0$hP$5Uk
=ACF  \\$aCurrent copyright fee: GBP14.71$c4\5$e01-jan-2004$fGBP14.71$g0$hP$5Uk
=ACF  \\$aCurrent copyright fee: GBP15.63$c4\5$e01-jan-2003$fGBP15.63$g0$hP$5Uk
=ACF  \\$aPrevious copyright fee: GBP22.00$c4\5$e01-apr-2009$fGBP22.00$g0$hP$5Uk
=ACF  \\$aPrevious copyright fee: GBP22.00$c4\5$e12-aug-2012$fGBP22.00$g0$hP$5Uk
=ACF  \\$aPrevious copyright fee: GBP25.00$c4\5$e01-jan-2013$fGBP25.00$g0$hP$5Uk
=ACF  \\$aPrevious copyright fee: GBP25.77$c4\5$e01-jul-2013$fGBP25.77$g0$hP$5Uk
=ACF  \\$aPrevious copyright fee: GBP24.97$c4\5$e01-jan-2014$fGBP24.97$g0$hP$5Uk
=ACF  \\$aPrevious copyright fee: GBP24.21$c4\5$e01-jul-2014$fGBP24.21$g0$hP$5Uk
=ACF  \\$aPrevious copyright fee: GBP25.77$c4\5$e01-apr-2015$fGBP25.77$g0$hP$5Uk
=ACF  \\$aPrevious copyright fee: GBP26.63$c4\5$e01-jul-2015$fGBP26.63$g0$hP$5Uk
=ACF  \\$aPrevious copyright fee: GBP25.77$c4\5$e01-oct-2015$fGBP25.77$g0$hP$5Uk
=ACF  \\$aPrevious copyright fee: GBP27.55$c4\5$e01-apr-2016$fGBP27.55$g0$hP$5Uk
=ACF  \\$aPrevious copyright fee: GBP29.59$c4\5$e01-oct-2016$fGBP29.59$g0$hP$5Uk
=ACF  \\$aPrevious copyright fee: GBP31.96$c4\5$e01-apr-2017$fGBP31.96$g0$hP$5Uk
=ACF  \\$aPrevious copyright fee: GBP30.73$c4\5$e01-oct-2017$fGBP30.73$g0$hP$5Uk
=ACF  \\$aPrevious copyright fee: GBP28.54$c4\5$e01-apr-2018$fGBP28.54$g0$hP$5Uk
=ACF  \\$aPrevious copyright fee: GBP34.00$c22\1$e01-jul-2018$fGBP34.00$g0$hP$5Uk
=LAS  \\$aIPL-CLA$b00$c20221231$lBLL01$h1444

