=LDR  04153cas a2201033 a 4500
=001  012923274
=003  Uk
=005  20221231144531.0
=006  m\\\\\\\\d\\\\\\\\
=007  cr\mnu||||||||
=008  980604c19899999enkqx\pss\\\\\0\\\a0eng\d
=FMT  \\$a  SE
=015  \\$aGBA872315$2bnb
=022  0\$a1743-4645$y0955-1662$202
=035  \\$a(OCoLC)39224642
=037  \\$a???$bSpringer
=040  \\$aOH1$cOH1$dOCL$dCUS$dOCLCQ$dOCL$dMUQ$dUk
=042  \\$aukblsr$aissnuk
=082  04$a363.28905$222
=130  0\$aSecurity journal (Online)
=222  \0$aSecurity journal$b(Online)
=245  10$aSecurity journal$h[electronic resource].
=260  \\$aNew York, NY :$bElsevier Science Pub. Co.
=260  3\$3[2006]-$aBasingstoke :$bPalgrave Macmillan
=310  \\$aFour no. a year
=336  \\$atext$2rdacontent
=337  \\$acomputer$2rdamedia
=338  \\$aonline resource$2rdacarrier
=362  1\$aPrint began with vol. 1, no. 1, published in 1989.
=500  \\$aDescription based on: Vol. 6, issue 1 (Feb. 1995); title from general information screen (viewed June 3, 1998).
=530  \\$aAlso issued in print.
=538  \\$aMode of access: World Wide Web.
=550  \\$aAffiliated to ASIS Foundation.
=540  \\$aCurrent copyright fee: GBP29.95$c22\1$5Uk
=650  \0$aPrivate security services$vPeriodicals.
=776  0\$tSecurity journal$x0955-1662
=710  2\$aASIS Foundation.
=776  1\$tSecurity journal$x0955-1662
=859  \\$aELD$bejournal
=856  \\$31850-9999$uhttp://www.palgrave.com/home/index.asp$xBLDSS
=856  4\$uhttp://www.elsevier.com/homepage/elecserv.htt$zLink no longer valid as of Feb. 15, 2001
=856  40$uhttp://www.palgrave-journals.com/sj/index.html
=859  \\$aXLD$bejournal
=852  41$aBritish Library$bDSC$j8217.206500$3Volume 21:Issue 1/2(2008)-Volume 24:Issue 4(2011)***See ESTAR for full holdings.
=852  41$aBritish Library$bHMNTS$jELD Digital store$3Volume 30:Issue 1(2017)-
=945  \\$aSecurity journal
=959  \\$fHeld but not currently received
=985  \\$aCONFERENCE ANALYTIC RECORDS EXIST
=CAT  \\$a8323$b40$c20040525$lTMP01$h0915
=CAT  \\$aISSN$b40$c20080814$lBLL01$h1216
=CAT  \\$a8874$b40$c20081222$lBLL01$h1017
=CAT  \\$aBATCH-UPD$b40$c20100818$lBLL01$h1552
=CAT  \\$aIPL-CLA$c20100930$lBLL01$h1526
=CAT  \\$aCDS12-UPD$b40$c20111212$lBLL01$h1841
=CAT  \\$aWR12_168$c20121206$lBLL01$h1815
=CAT  \\$a6162$b40$c20140306$lBLL01$h0832
=CAT  \\$aWR14_140$c20140905$lBLL01$h1805
=CAT  \\$aBLDSS-3PM$b00$c20160620$lBLL01$h1456
=CAT  \\$aBATCH-UPD$b00$c20160620$lBLL01$h1457
=CAT  \\$aBATCH-UPD$b00$c20171121$lBLL01$h1712
=CAT  \\$aIPL-CLA$c20171231$lBLL01$h1631
=CAT  \\$a6790$b40$c20180111$lBLL01$h1310
=CAT  \\$a6790$b40$c20180111$lBLL01$h1313
=CAT  \\$aBATCH-UPD$b40$c20180223$lBLL01$h1820
=CAT  \\$aIPL-CLA$c20180331$lBLL01$h1617
=CAT  \\$aBATCH-UPD$b00$c20180524$lBLL01$h1739
=CAT  \\$aIPL-CLA$c20180630$lBLL01$h1915
=CAT  \\$aBATCH-UPD$b00$c20180704$lBLL01$h0023
=CAT  \\$a5410$b40$c20200304$lBLL01$h1156
=CAT  \\$aW1908-0780$b00$c20200730$lBLL01$h1326
=CAT  \\$a5552$b40$c20200814$lBLL01$h1125
=CAT  \\$aCDS21$c20220118$lBLL01$h1104
=CAT  \\$aBATCH-UPD$b00$c20221121$lBLL01$h1359
=CAT  \\$aIPL-CLA$c20221231$lBLL01$h1445
=CFI  0\$aCurrent copyright fee: GBP29.95$c22\1$e01-jan-2023$fGBP29.95$g0$hP$5Uk
=CFI  2\$aPrevious copyright fee: GBP34.00$c22\1$e01-jul-2018$fGBP34.00$g0$hP$5Uk
=EST  \\$a1
=FFP  \\$aY$bBLDSS-3PM
=FIN  \\$aY$d20060116
=MNI  \\$a0955-1662
=SID  \\$aZ39$bOCLC
=TCO  \\$aCLA$bCLA$c008
=TOC  \\$aETOC
=UNO  \\$aY
=ACF  \\$aPrevious Copyright Fee: GBP17.50$c39\0$e28-jul-2008$fGBP17.50$g0$hP$5Uk
=ACF  \\$aPrevious copyright fee: GBP22.00$c39\0$e01-oct-2010$fGBP22.00$g0$hP$5Uk
=ACF  \\$aPrevious copyright fee: GBP30.74$c39\0$e01-jan-2018$fGBP30.74$g0$hP$5Uk
=ACF  \\$aPrevious copyright fee: GBP28.54$c39\0$e01-apr-2018$fGBP28.54$g0$hP$5Uk
=LAS  \\$aIPL-CLA$b00$c20221231$lBLL01$h1445

