=LDR  07071cas a2201441 a 4500
=001  013082921
=003  Uk
=005  20230301130406.0
=006  m\\\\\\\\d\\\\\\\\
=007  cr||||||||||||
=008  050615c19869999gw\bx\pss\\\\\0\\\a0eng\c
=FMT  \\$a  SE
=010  \\$a2008233218
=022  \\$a1279-8517$l0930-1038
=035  \\$a(OCoLC)60638271$z(OCoLC)43389914
=037  \\$a???$bSpringer
=040  \\$aOCLCS$cOCLCS$dOCL$dGUA$dOCLCQ$dCLU$dUk
=042  \\$aukblsr
=050  14$aQM531
=060  \4$aW1$bSU76D
=082  04$a611$222
=130  0\$aSurgical and radiologic anatomy (Online)
=210  0\$aSurg. radiol. anat.$b(Online)
=222  \0$aSurgical and radiologic anatomy$b(Online)
=245  10$aSurgical and radiologic anatomy$h[electronic resource].
=246  30$aSRA
=260  \\$3<1997-> :$aParis :$bSpringer
=260  3\$3<2010->$aHeidelberg :$bSpringer
=310  \\$aEight issues a year,$b2007-
=321  \\$aFour issues a year
=321  \\$aSix issues a year,$b2002-2006
=336  \\$atext$2rdacontent
=337  \\$acomputer$2rdamedia
=338  \\$aonline resource$2rdacarrier
=362  1\$aPrint began with vol. 8, no. 1, published in 1986.
=500  \\$a"The journal is divided into two specialized issues appearing each twice a year: A, Locomotor apparatus/nervous system; B, Viscera/cardiovascular system."
=515  \\$aSome issues combined.
=525  \\$aSupplements accompany some issues.
=550  \\$aIssued by: the European Association of Clinical Anatomy; the College medical francais des professeurs d'anatomie; official organ of the section of Clinical Anatomy of the Chinese Association of Anatomy, <2010->.
=580  \\$aIncludes issues of earlier title: Anatomia clinica.
=588  \\$aDescription based on: Vol. 19, no. 1 (Jan. 1997); title from journal information screen (SpringerLink, viewed Jan. 25, 2008).
=588  \\$aLatest issue consulted: Vol. 33, no. 3 (Apr. 2011) (viewed Mar. 31, 2011).
=540  \\$aCurrent copyright fee: GBP34.95$c22\1$5Uk
=650  \0$aAnatomy, Surgical and topographical$vPeriodicals.
=650  \0$aRadiography$vPeriodicals.
=650  \0$aRadiology$vPeriodicals.
=650  \0$aSurgery$vPeriodicals.
=710  2\$aEuropean Association of Clinical Anatomy.
=710  2\$aCollège médical français des professeurs d'anatomie.
=710  2\$aChinese Association of Anatomy.$bSection of Clinical Anatomy.
=776  18$tSurgical and radiologic anatomy$x0930-1038
=780  10$tAnatomia clinica (Online)
=856  \\$31850-9999$uhttp://www.springer.com/gb/$xBLDSS
=856  40$uhttp://firstsearch.oclc.org$zAddress for accessing the journal using authorization number and password through OCLC FirstSearch Electronic Collections Online
=856  40$uhttp://www.springerlink.com/content/100112/
=859  \\$aXLD$bejournal
=859  \\$aELD$bejournal
=852  41$aBritish Library$bDSC$j8548.166500$3Volume 19:Issue 1(1997)-Volume 40:Issue 2(2018)***See ESTAR for full holdings.
=852  41$aBritish Library$bHMNTS$jELD Digital store$3Volume 40:Issue 5(2018)-
=945  \\$aSurgical and radiologic anatomy
=959  \\$fHeld but not currently received
=979  \\$aBritish Library$bDSC$j8548.166500
=985  \\$aCorrected by BSS-generated file for WR# 08/157
=CAT  \\$a7174$b40$c20050114$lBLL01$h1556
=CAT  \\$aBATCH-UPD$b00$c20150820$lBLL01$h1848
=CAT  \\$aIPL-CLA$c20150930$lBLL01$h1806
=CAT  \\$aBATCH-UPD$b00$c20160217$lBLL01$h1740
=CAT  \\$aIPL-CLA$c20160331$lBLL01$h1726
=CAT  \\$aBATCH-UPD$b00$c20160524$lBLL01$h2209
=CAT  \\$aBATCH-UPD$b00$c20160525$lBLL01$h0017
=CAT  \\$aBATCH-UPD$b00$c20160824$lBLL01$h1807
=CAT  \\$aIPL-CLA$c20160930$lBLL01$h1603
=CAT  \\$aBATCH-UPD$b00$c20170216$lBLL01$h1855
=CAT  \\$aIPL-CLA$c20170331$lBLL01$h1844
=CAT  \\$aBATCH-UPD$b00$c20170904$lBLL01$h1906
=CAT  \\$aIPL-CLA$c20170929$lBLL01$h1728
=CAT  \\$aBATCH-UPD$b00$c20180223$lBLL01$h1739
=CAT  \\$aIPL-CLA$c20180331$lBLL01$h1619
=CAT  \\$aW1805-0475$c20180520$lBLL01$h1631
=CAT  \\$aBATCH-UPD$b00$c20180524$lBLL01$h1725
=CAT  \\$aIPL-CLA$c20180630$lBLL01$h1916
=CAT  \\$aW1908-0780$b00$c20200730$lBLL01$h1326
=CAT  \\$a15005$b40$c20210409$lBLL01$h1104
=CAT  \\$a5552$b40$c20210824$lBLL01$h1416
=CAT  \\$aIPL-CLA$c20210930$lBLL01$h1527
=CAT  \\$aCDS21$c20220118$lBLL01$h1104
=CAT  \\$aBATCH-UPD$b00$c20221121$lBLL01$h1411
=CAT  \\$aIPL-CLA$c20221231$lBLL01$h1445
=CAT  \\$a5410$b40$c20230301$lBLL01$h1304
=CFI  0\$aCurrent copyright fee: GBP34.95$c22\1$e01-jan-2023$fGBP34.95$g0$hP$5Uk
=CFI  2\$aPrevious copyright fee: GBP43.00$c22\1$e01-oct-2021$fGBP43.00$g0$hP$5Uk
=EST  \\$a1
=FFP  \\$aY$bBLDSS-3PM
=FIN  \\$aY$d20110331
=LKR  \\$aPAR$b010507801$lBLL01$r776$mSurgical and radiologic anatomy (Online)$nSurgical and radiologic anatomy (Print)
=MNI  \\$a0930-1038
=SID  \\$aZ39$bOCLC
=TCO  \\$aDEU$bVG WORT$c008
=TOC  \\$aETOC
=UNO  \\$aY
=ACF  \\$aPrevious copyright fee: GBP21.25$c23\1$e01-jan-2009$fGBP21.25$g0$hP$5Uk
=ACF  \\$aPrevious copyright fee: GBP16.75$c23\1$e01-jan-2007$fGBP16.75$g0$hP$5Uk
=ACF  \\$aPrevious copyright fee: GBP16.22$c23\1$e01-oct-2006$fGBP16.22$g0$hP$5Uk
=ACF  \\$aPrevious copyright fee: GBP17.14$c23\1$e01-apr-2006$fGBP17.14$g0$hP$5Uk
=ACF  \\$aPrevious copyright fee: GBP16.67$c23\1$e01-jan-2006$fGBP16.67$g0$hP$5Uk
=ACF  \\$aPrevious copyright fee: GBP16.22$c23\1$e01-apr-2005$fGBP16.22$g0$hP$5Uk
=ACF  \\$aPrevious copyright fee: GBP16.67$c23\1$e01-jan-2005$fGBP16.67$g0$hP$5Uk
=ACF  \\$aPrevious copyright fee: GBP22.00$c23\1$e01-apr-2009$fGBP22.00$g0$hP$5Uk
=ACF  \\$aPrevious copyright fee: GBP22.00$c23\1$e12-aug-2012$fGBP22.00$g0$hP$5Uk
=ACF  \\$aPrevious copyright fee: GBP25.00$c23\1$e01-jan-2013$fGBP25.00$g0$hP$5Uk
=ACF  \\$aPrevious copyright fee: GBP25.77$c23\1$e01-jul-2013$fGBP25.77$g0$hP$5Uk
=ACF  \\$aPrevious copyright fee: GBP24.97$c23\1$e01-jan-2014$fGBP24.97$g0$hP$5Uk
=ACF  \\$aPrevious copyright fee: GBP24.21$c23\1$e01-jul-2014$fGBP24.21$g0$hP$5Uk
=ACF  \\$aPrevious copyright fee: GBP25.77$c23\1$e01-apr-2015$fGBP25.77$g0$hP$5Uk
=ACF  \\$aPrevious copyright fee: GBP26.63$c23\1$e01-jul-2015$fGBP26.63$g0$hP$5Uk
=ACF  \\$aPrevious copyright fee: GBP25.77$c23\1$e01-oct-2015$fGBP25.77$g0$hP$5Uk
=ACF  \\$aPrevious copyright fee: GBP27.55$c23\1$e01-apr-2016$fGBP27.55$g0$hP$5Uk
=ACF  \\$aPrevious copyright fee: GBP29.59$c23\1$e01-oct-2016$fGBP29.59$g0$hP$5Uk
=ACF  \\$aPrevious copyright fee: GBP31.96$c23\1$e01-apr-2017$fGBP31.96$g0$hP$5Uk
=ACF  \\$aPrevious copyright fee: GBP30.73$c23\1$e01-oct-2017$fGBP30.73$g0$hP$5Uk
=ACF  \\$aPrevious copyright fee: GBP28.54$c23\1$e01-apr-2018$fGBP28.54$g0$hP$5Uk
=ACF  \\$aPrevious copyright fee: GBP34.00$c22\1$e01-jul-2018$fGBP34.00$g0$hP$5Uk
=LAS  \\$a5410$b40$c20230301$lBLL01$h1304

