=LDR  05769cas a2201249 a 4500
=001  013087298
=003  Uk
=005  20230304013745.0
=006  m\\\\\\\\d\\\\\\\\
=007  cr\mnu||||||||
=008  990729c19749999gw\mx\pso\\\\\0\\\\0eng\c
=FMT  \\$a  SE
=010  \\$a2004233645
=022  0\$a1432-072X$l0302-8933$y0302-8933
=035  \\$a(OCoLC)41978776$z(OCoLC)77537772
=037  \\$a???$bSpringer
=040  \\$aIRU$cIRU$dOH1$dOCLCQ$dGUA$dOCLCQ$dMUQ$dOCL$dOCLCQ$dUk
=042  \\$aukblsr
=050  14$aQR1
=082  04$a616.9041$222
=130  0\$aArchives of microbiology (Online)
=210  0\$aArch. microbiol.$b(Internet)
=222  \0$aArchives of microbiology$b(Internet)
=245  10$aArchives of microbiology$h[electronic resource].
=246  17$aArch microbiol
=260  \\$aHeidelberg :$bSpringer-Verlag
=310  \\$a12 no. a year
=336  \\$atext$2rdacontent
=337  \\$acomputer$2rdamedia
=338  \\$aonline resource$2rdacarrier
=362  1\$aPrint began with v. 95, published in 1974.
=580  \\$aIncludes issues of earlier title: Archiv für Mikrobiologie.
=588  \\$aDescription based on: Vol. 164, no. 1 (July 1995); title from contents screen (Springer LINK, viewed Apr. 29, 2004).
=588  \\$aLatest issue consulted: Vol. 193, no. 4 (Apr. 2011), viewed Apr. 5, 2011.
=515  \\$aSome issues combined.
=538  \\$aMode of access: World Wide Web.
=540  \\$aCurrent copyright fee: GBP29.95$c22\1$5Uk
=650  \0$aMicrobiology$vPeriodicals.
=776  08$iPrint version:$tArchives of microbiology$x0302-8933
=780  10$tArchiv für Mikrobiologie$c(Online)
=859  \\$aELD$bejournal
=856  \\$31850-9999$uhttp://www.springer.com/gb/$xBLDSS
=856  40$uhttp://www.springerlink.com/link.asp?id=100459
=856  40$uhttp://www.springerlink.com/openurl.asp?genre=journal&eissn=1432-072X
=856  40$uhttp://www.springerlink.com/content/0302-8933/1/$zIncludes issues of earlier title: Archiv für Mikrobiologie
=859  \\$aXLD$bejournal
=852  \\$aBritish Library$bDSC$j1637.940000$3Volume 167:Issue 4(1997)-Volume 200:Issue 3(2018)***See ESTAR for full holdings.
=852  41$aBritish Library$bHMNTS$jELD Digital store$3Volume 200:Issue 2(2018)-
=945  \\$aARCHIVES OF MICROBIOLOGY.
=959  \\$fHeld but not currently received
=979  \\$aBritish Library$bDSC$j1637.940000
=985  \\$aCorrected by BSS-generated file for WR# 08/157
=CAT  \\$a7174$b40$c20050119$lBLL01$h1355
=CAT  \\$aBATCH-UPD$b00$c20150520$lBLL01$h1749
=CAT  \\$aIPL-CLA$c20150630$lBLL01$h1646
=CAT  \\$aBATCH-UPD$b00$c20150820$lBLL01$h1837
=CAT  \\$aIPL-CLA$c20150930$lBLL01$h1806
=CAT  \\$aBATCH-UPD$b00$c20160217$lBLL01$h1727
=CAT  \\$aIPL-CLA$c20160331$lBLL01$h1726
=CAT  \\$aBATCH-UPD$b00$c20160524$lBLL01$h2209
=CAT  \\$aBATCH-UPD$b00$c20160525$lBLL01$h0017
=CAT  \\$aBATCH-UPD$b00$c20160824$lBLL01$h1754
=CAT  \\$aIPL-CLA$c20160930$lBLL01$h1603
=CAT  \\$aBATCH-UPD$b00$c20170216$lBLL01$h1843
=CAT  \\$aIPL-CLA$c20170331$lBLL01$h1844
=CAT  \\$aBATCH-UPD$b00$c20170904$lBLL01$h1851
=CAT  \\$aIPL-CLA$c20170929$lBLL01$h1728
=CAT  \\$aBATCH-UPD$b00$c20180223$lBLL01$h1720
=CAT  \\$aIPL-CLA$c20180331$lBLL01$h1619
=CAT  \\$aW1805-0475$c20180520$lBLL01$h1631
=CAT  \\$aBATCH-UPD$b00$c20180524$lBLL01$h1713
=CAT  \\$aIPL-CLA$c20180630$lBLL01$h1916
=CAT  \\$aW1908-0780$b00$c20200730$lBLL01$h1326
=CAT  \\$a15190$b40$c20201005$lBLL01$h1656
=CAT  \\$aCDS21$c20220118$lBLL01$h1104
=CAT  \\$aBATCH-UPD$b00$c20221121$lBLL01$h1400
=CAT  \\$aIPL-CLA$c20221231$lBLL01$h1445
=CAT  \\$a5410$b40$c20230304$lBLL01$h0137
=CFI  0\$aCurrent copyright fee: GBP29.95$c22\1$e01-jan-2023$fGBP29.95$g0$hP$5Uk
=CFI  2\$aPrevious copyright fee: GBP34.00$c22\1$e01-jul-2018$fGBP34.00$g0$hP$5Uk
=EST  \\$a1
=FFP  \\$aY$bBLDSS-3PM
=FIN  \\$aY$d20110405
=LKR  \\$aPAR$b010464989$lBLL01$r776$mArchives of microbiology (Online)$nArchives of microbiology (Print)
=MNI  \\$a0302-8933
=SID  \\$aZ39$bOCLC
=TCO  \\$aDEU$bVG WORT$c008
=TOC  \\$aETOC
=UNO  \\$aY
=ACF  \\$aPrevious copyright fee: GBP16.67$c22\3$e01-jan-2006$fGBP16.67$g0$hP$5Uk
=ACF  \\$aPrevious copyright fee: GBP16.22$c22\3$e01-apr-2005$fGBP16.22$g0$hP$5Uk
=ACF  \\$aPrevious copyright fee: GBP16.67$c22\3$e01-jan-2005$fGBP16.67$g0$hP$5Uk
=ACF  \\$aPrevious copyright fee: GBP17.14$c22\3$e01-apr-2006$fGBP17.14$g0$hP$5Uk
=ACF  \\$aPrevious copyright fee: GBP22.00$c22\3$e12-aug-2012$fGBP22.00$g0$hP$5Uk
=ACF  \\$aPrevious copyright fee: GBP25.00$c22\3$e01-jan-2013$fGBP25.00$g0$hP$5Uk
=ACF  \\$aPrevious copyright fee: GBP25.77$c22\3$e01-jul-2013$fGBP25.77$g0$hP$5Uk
=ACF  \\$aPrevious copyright fee: GBP24.97$c22\3$e01-jan-2014$fGBP24.97$g0$hP$5Uk
=ACF  \\$aPrevious copyright fee: GBP24.21$c22\3$e01-jul-2014$fGBP24.21$g0$hP$5Uk
=ACF  \\$aPrevious copyright fee: GBP25.77$c22\3$e01-apr-2015$fGBP25.77$g0$hP$5Uk
=ACF  \\$aPrevious copyright fee: GBP26.63$c22\3$e01-jul-2015$fGBP26.63$g0$hP$5Uk
=ACF  \\$aPrevious copyright fee: GBP25.77$c22\3$e01-oct-2015$fGBP25.77$g0$hP$5Uk
=ACF  \\$aPrevious copyright fee: GBP27.55$c22\3$e01-apr-2016$fGBP27.55$g0$hP$5Uk
=ACF  \\$aPrevious copyright fee: GBP29.59$c22\3$e01-oct-2016$fGBP29.59$g0$hP$5Uk
=ACF  \\$aPrevious copyright fee: GBP31.96$c22\3$e01-apr-2017$fGBP31.96$g0$hP$5Uk
=ACF  \\$aPrevious copyright fee: GBP30.73$c22\3$e01-oct-2017$fGBP30.73$g0$hP$5Uk
=ACF  \\$aPrevious copyright fee: GBP28.54$c22\3$e01-apr-2018$fGBP28.54$g0$hP$5Uk
=LAS  \\$a5410$b40$c20230304$lBLL01$h0137

