=LDR  06902cas a2201417 a 4500
=001  013087538
=003  Uk
=005  20230302150208.0
=006  m\\\\\\\\d\\\\\\\\
=007  cr\cn|||||||||
=008  991118c19899999sz\qx\pso\o\\\0\\\a0eng\c
=FMT  \\$a  SE
=010  \\$a2002238635
=022  0\$a1420-9055$l1015-1621$y1015-1621
=035  \\$a(OCoLC)42851288$z(OCoLC)174075095
=037  \\$a???$bSpringer
=040  \\$aVPI$cVPI$dOH1$dOCLCQ$dIUL$dOCLCQ$dMUQ$dOCL$dOCLCQ$dAGL$dOCLCQ$dCLU$dUk
=042  \\$aukblsr
=050  \4$aQH90.A1$bA68
=070  0\$aQH90.A1$bA68
=072  \0$aM300
=082  04$a551.48$222
=130  0\$aAquatic sciences (Online)
=210  0\$aAquat. sci.$b(Electron. ed.)
=222  \0$aAquatic sciences$b(Electronic ed.)
=245  10$aAquatic sciences$h[electronic resource] :$b(AS).
=246  30$aAS
=260  \\$aBasel :$bBirkhäuser
=260  3\$aWien :$bSpringer
=310  \\$aFour no. a year
=336  \\$atext$2rdacontent
=337  \\$acomputer$2rdamedia
=338  \\$aonline resource$2rdacarrier
=362  1\$aPrint began with vol. 51, no. 1, published in 1989.
=500  \\$a"A multidisciplinary journal for theoretical and applied limnology, fisheries science, and water technology."
=510  0\$aChemical abstracts,$x0009-2258
=550  \\$aIssued by: the Swiss Federal Institute for Environmental Science and Technology (EAWAG), -2001; by: the Swiss Academy of Sciences, 2002- ; by EAWAG, IGB, and IES, <2010->.
=580  \\$aIncludes issues of earlier titles: Schweizerische Zeitschrift für Hydrologie, and: Zeitschrift für Hydrologie.
=588  \\$aDescription based on: Vol. 59, no. 1 (1997); title from introductory page (viewed June 18, 2002).
=588  \\$aLatest issue consulted: Vol. 73, no. 2 (May 2011) (SpringerLink viewed May 3rd, 2011).
=540  \\$aCurrent copyright fee: GBP29.95$c22\1$5Uk
=650  \0$aAquatic biology$vPeriodicals.
=650  \0$aAquatic sciences$vPeriodicals.
=650  \0$aFisheries$vPeriodicals.
=650  \0$aWater-supply$vPeriodicals.
=650  \0$aHydrology$vPeriodicals.
=710  2\$aSchweizerische Naturforschende Gesellschaft.
=710  2\$aEidgenössische Anstalt für Wasserversorgung, Abwasserreinigung und Gewässerschutz.
=710  2\$aInstitut für Gewässerökologie und Binnenfischerei.
=710  2\$aCary Institute of Ecosystem Studies.
=776  08$iPrint version:$tAquatic sciences$x1015-1621
=780  10$tSchweizerische Zeitschrift für Hydrologie$c(Online)
=859  \\$aELD$bejournal
=856  \\$31850-9999$uhttp://www.springer.com/gb/$xBLDSS
=856  40$uhttp://link.springer-ny.com/link/service/journals/00027/index.htm
=856  40$uhttp://www.springerlink.com/content/101191/$zIncludes issues of earlier titles: Schweizerische Zeitschrift für Hydrologie, and: Zeitschrift für Hydrologie
=859  \\$aXLD$bejournal
=852  41$aBritish Library$bDSC$j1582.430000$3Volume 59:Issue 1(1997)-Volume 80:Issue 2(2018)***See ESTAR for full holdings.
=852  41$aBritish Library$bHMNTS$jELD Digital store$3Volume 80:Issue 1(2018)-
=945  \\$aAquatic sciences
=959  \\$fHeld but not currently received
=979  \\$aBritish Library$bDSC$j1582.430000
=CAT  \\$a10902$b40$c20050119$lBLL01$h1544
=CAT  \\$aIPL-CLA$c20150630$lBLL01$h1646
=CAT  \\$aBATCH-UPD$b00$c20150820$lBLL01$h1830
=CAT  \\$aIPL-CLA$c20150930$lBLL01$h1806
=CAT  \\$aBATCH-UPD$b00$c20160217$lBLL01$h1719
=CAT  \\$aIPL-CLA$c20160331$lBLL01$h1726
=CAT  \\$aBATCH-UPD$b00$c20160524$lBLL01$h2209
=CAT  \\$aBATCH-UPD$b00$c20160525$lBLL01$h0017
=CAT  \\$aBATCH-UPD$b00$c20160824$lBLL01$h1748
=CAT  \\$aIPL-CLA$c20160930$lBLL01$h1603
=CAT  \\$aBATCH-UPD$b00$c20170216$lBLL01$h1836
=CAT  \\$aIPL-CLA$c20170331$lBLL01$h1844
=CAT  \\$aBATCH-UPD$b00$c20170904$lBLL01$h1844
=CAT  \\$aIPL-CLA$c20170929$lBLL01$h1728
=CAT  \\$aBATCH-UPD$b00$c20180223$lBLL01$h1703
=CAT  \\$aIPL-CLA$c20180331$lBLL01$h1619
=CAT  \\$aW1805-0475$c20180520$lBLL01$h1631
=CAT  \\$aBATCH-UPD$b00$c20180524$lBLL01$h1708
=CAT  \\$aIPL-CLA$c20180630$lBLL01$h1916
=CAT  \\$aBATCH-UPD$b00$c20200618$lBLL01$h2027
=CAT  \\$aW1908-0780$b00$c20200730$lBLL01$h1326
=CAT  \\$a15190$b40$c20201001$lBLL01$h1513
=CAT  \\$aCDS21$c20220118$lBLL01$h1104
=CAT  \\$aBATCH-UPD$b00$c20221121$lBLL01$h1400
=CAT  \\$aIPL-CLA$c20221231$lBLL01$h1445
=CAT  \\$a5410$b40$c20230302$lBLL01$h1502
=CFI  0\$aCurrent copyright fee: GBP29.95$c22\1$e01-jan-2023$fGBP29.95$g0$hP$5Uk
=CFI  2\$aPrevious copyright fee: GBP34.00$c22\1$e01-jul-2018$fGBP34.00$g0$hP$5Uk
=EST  \\$a1
=FFP  \\$aY$bBLDSS-3PM
=FIN  \\$aY$d20110503
=LKR  \\$aPAR$b012751101$lBLL01$r776$mAquatic sciences (Online)$nAquatic sciences (Print)
=MNI  \\$a1015-1621
=SID  \\$aZ39$bOCLC
=TCO  \\$aCHE$bPRO LITTERIS$c008
=TOC  \\$aETOC
=UNO  \\$aY
=ACF  \\$aPrevious copyright fee: GBP21.25$c22\1$e01-jan-2009$fGBP21.25$g0$hP$5Uk
=ACF  \\$aPrevious copyright fee: GBP16.75$c22\1$e01-jan-2007$fGBP16.75$g0$hP$5Uk
=ACF  \\$aPrevious copyright fee: GBP16.22$c22\1$e01-oct-2006$fGBP16.22$g0$hP$5Uk
=ACF  \\$aPrevious copyright fee: GBP17.14$c22\1$e01-apr-2006$fGBP17.14$g0$hP$5Uk
=ACF  \\$aPrevious copyright fee: GBP16.67$c22\1$e01-jan-2006$fGBP16.67$g0$hP$5Uk
=ACF  \\$aPrevious copyright fee: GBP16.22$c22\1$e01-apr-2005$fGBP16.22$g0$hP$5Uk
=ACF  \\$aPrevious copyright fee: GBP16.67$c22\1$e01-jan-2005$fGBP16.67$g0$hP$5Uk
=ACF  \\$aPrevious copyright fee: GBP22.00$c22\1$e01-apr-2009$fGBP22.00$g0$hP$5Uk
=ACF  \\$aPrevious copyright fee: GBP22.00$c22\1$e12-aug-2012$fGBP22.00$g0$hP$5Uk
=ACF  \\$aPrevious copyright fee: GBP25.00$c22\1$e01-jan-2013$fGBP25.00$g0$hP$5Uk
=ACF  \\$aPrevious copyright fee: GBP25.77$c22\1$e01-jul-2013$fGBP25.77$g0$hP$5Uk
=ACF  \\$aPrevious copyright fee: GBP24.97$c22\1$e01-jan-2014$fGBP24.97$g0$hP$5Uk
=ACF  \\$aPrevious copyright fee: GBP24.21$c22\1$e01-jul-2014$fGBP24.21$g0$hP$5Uk
=ACF  \\$aPrevious copyright fee: GBP25.77$c22\1$e01-apr-2015$fGBP25.77$g0$hP$5Uk
=ACF  \\$aPrevious copyright fee: GBP26.63$c22\1$e01-jul-2015$fGBP26.63$g0$hP$5Uk
=ACF  \\$aPrevious copyright fee: GBP25.77$c22\1$e01-oct-2015$fGBP25.77$g0$hP$5Uk
=ACF  \\$aPrevious copyright fee: GBP27.55$c22\1$e01-apr-2016$fGBP27.55$g0$hP$5Uk
=ACF  \\$aPrevious copyright fee: GBP29.59$c22\1$e01-oct-2016$fGBP29.59$g0$hP$5Uk
=ACF  \\$aPrevious copyright fee: GBP31.96$c22\1$e01-apr-2017$fGBP31.96$g0$hP$5Uk
=ACF  \\$aPrevious copyright fee: GBP30.73$c22\1$e01-oct-2017$fGBP30.73$g0$hP$5Uk
=ACF  \\$aPrevious copyright fee: GBP28.54$c22\1$e01-apr-2018$fGBP28.54$g0$hP$5Uk
=LAS  \\$a5410$b40$c20230302$lBLL01$h1502

