=LDR  06339cas a2201345 a 4500
=001  013087556
=003  Uk
=005  20230302150531.0
=006  m\\\\\\\\d\\\\\\\\
=007  cr\mnu||||||||
=008  991108c19799999nyumr\pso\\\\\0\\\\0eng\c
=FMT  \\$a  SE
=010  \\$a2004233639
=022  0\$a1432-0827$l0171-967X$y0171-967X
=030  \\$aCTINDZ
=035  \\$a(OCoLC)42787226$z(OCoLC)44361017$z(OCoLC)525767240
=037  \\$a???$bSpringer
=040  \\$aGAT$beng$cGAT$dOCLCQ$dGUA$dOCL$dOCLCQ$dCCO$dOCLCQ$dUk
=042  \\$aukblsr
=050  14$aQP88
=060  00$aW1$bCA162T
=082  04$a611.018$222
=130  0\$aCalcified tissue international (Online)
=222  \0$aCalcified tissue international$b(Internet)
=245  10$aCalcified tissue international$h[electronic resource].
=246  17$aCalcif tissue int
=260  \\$aNew York :$bSpringer-Verlag
=310  \\$aMonthly
=336  \\$atext$2rdacontent
=337  \\$acomputer$2rdamedia
=338  \\$aonline resource$2rdacarrier
=362  1\$aPrint began with v. 27, published in 1979.
=525  \\$aSupplements accompany some issues.
=538  \\$aMode of access: World Wide Web.
=550  \\$aOfficial journal of the European Calcified Tissue Society.
=580  \\$aIncludes issues of earlier title: Calcified tissue research.
=588  \\$aDescription based on: Vol. 58, no. 1 (Jan. 1996); title from contents screen (Springer LINK, viewed Apr. 28, 2004).
=588  \\$aLatest issue consulted: Vol. 88, no. 5 (May 2011), viewed May 11, 2011.
=540  \\$aCurrent copyright fee: GBP29.95$c22\1$5Uk
=650  \0$aCalcification$vPeriodicals.
=655  \0$aComputer network resources.
=655  \0$aElectronic journals.
=710  2\$aEuropean Calcified Tissue Society.
=776  08$iIssued also in print:$tCalcified tissue international$x0171-967X
=780  10$tCalcified tissue research$x0008-0594
=859  \\$aELD$bejournal
=856  \\$31850-9999$uhttp://www.springer.com/gb/$xBLDSS
=856  40$uhttp://www.springerlink.com/link.asp?id=100120
=856  40$uhttp://www.springerlink.com/openurl.asp?genre=journal&eissn=1432-0827
=856  40$uhttp://www.springerlink.com/content/0171-967x/88/5/$zIncludes issues of earlier title: Calcified tissue research
=859  \\$aXLD$bejournal
=852  41$aBritish Library$bDSC$j2952.840000$3Volume 58:Issue 1(1996)-Volume 102:Issue 4(2018)***See ESTAR for full holdings.
=852  41$aBritish Library$bHMNTS$jELD Digital store$3Volume 102:Issue 3(2018)-
=945  \\$aCalcified tissue international
=959  \\$fHeld but not currently received
=979  \\$aBritish Library$bDSC$j2952.840000
=CAT  \\$a5552$b40$c20050119$lBLL01$h1553
=CAT  \\$aBATCH-UPD$b00$c20150520$lBLL01$h1759
=CAT  \\$aIPL-CLA$c20150630$lBLL01$h1646
=CAT  \\$aBATCH-UPD$b00$c20150820$lBLL01$h1846
=CAT  \\$aIPL-CLA$c20150930$lBLL01$h1806
=CAT  \\$aBATCH-UPD$b00$c20160217$lBLL01$h1737
=CAT  \\$aIPL-CLA$c20160331$lBLL01$h1726
=CAT  \\$aBATCH-UPD$b00$c20160524$lBLL01$h2209
=CAT  \\$aBATCH-UPD$b00$c20160525$lBLL01$h0017
=CAT  \\$aBATCH-UPD$b00$c20160824$lBLL01$h1804
=CAT  \\$aIPL-CLA$c20160930$lBLL01$h1603
=CAT  \\$aBATCH-UPD$b00$c20170216$lBLL01$h1852
=CAT  \\$aIPL-CLA$c20170331$lBLL01$h1844
=CAT  \\$aBATCH-UPD$b00$c20170904$lBLL01$h1902
=CAT  \\$aIPL-CLA$c20170929$lBLL01$h1728
=CAT  \\$aBATCH-UPD$b00$c20180223$lBLL01$h1735
=CAT  \\$aIPL-CLA$c20180331$lBLL01$h1619
=CAT  \\$aW1805-0475$c20180520$lBLL01$h1631
=CAT  \\$aBATCH-UPD$b00$c20180524$lBLL01$h1722
=CAT  \\$aIPL-CLA$c20180630$lBLL01$h1916
=CAT  \\$aW1908-0780$b00$c20200730$lBLL01$h1326
=CAT  \\$a15190$b40$c20201013$lBLL01$h0946
=CAT  \\$aCDS21$c20220118$lBLL01$h1104
=CAT  \\$aBATCH-UPD$b00$c20221121$lBLL01$h1400
=CAT  \\$aIPL-CLA$c20221231$lBLL01$h1445
=CAT  \\$a5410$b40$c20230302$lBLL01$h1505
=CFI  0\$aCurrent copyright fee: GBP29.95$c22\1$e01-jan-2023$fGBP29.95$g0$hP$5Uk
=CFI  2\$aPrevious copyright fee: GBP34.00$c22\1$e01-jul-2018$fGBP34.00$g0$hP$5Uk
=EST  \\$a1
=FFP  \\$aY$bBLDSS-3PM
=LKR  \\$aPAR$b011740475$lBLL01$mCalcified tissue international (Online)$nCalcified tissue international (Print)
=MNI  \\$a0171-967X
=SID  \\$aZ39$bOCLC
=TCO  \\$aTRS$bCCC$c008
=TCO  \\$aDEU$bVG WORT$c008
=TOC  \\$aETOC
=UNO  \\$aY
=ACF  \\$aPrevious copyright fee: GBP21.25$c22\8$e01-jan-2009$fGBP21.25$g0$hP$5Uk
=ACF  \\$aPrevious copyright fee: GBP16.75$c22\8$e01-jan-2007$fGBP16.75$g0$hP$5Uk
=ACF  \\$aPrevious copyright fee: GBP16.22$c22\8$e01-oct-2006$fGBP16.22$g0$hP$5Uk
=ACF  \\$aPrevious copyright fee: GBP17.14$c22\8$e01-apr-2006$fGBP17.14$g0$hP$5Uk
=ACF  \\$aPrevious copyright fee: GBP16.67$c22\8$e01-jan-2006$fGBP16.67$g0$hP$5Uk
=ACF  \\$aPrevious copyright fee: GBP16.22$c22\8$e01-apr-2005$fGBP16.22$g0$hP$5Uk
=ACF  \\$aPrevious copyright fee: GBP16.67$c22\8$e01-jan-2005$fGBP16.67$g0$hP$5Uk
=ACF  \\$aPrevious copyright fee: GBP22.00$c22\8$e01-apr-2009$fGBP22.00$g0$hP$5Uk
=ACF  \\$aPrevious copyright fee: GBP22.00$c22\8$e12-aug-2012$fGBP22.00$g0$hP$5Uk
=ACF  \\$aPrevious copyright fee: GBP25.00$c22\8$e01-jan-2013$fGBP25.00$g0$hP$5Uk
=ACF  \\$aPrevious copyright fee: GBP25.77$c22\8$e01-jul-2013$fGBP25.77$g0$hP$5Uk
=ACF  \\$aPrevious copyright fee: GBP24.97$c22\8$e01-jan-2014$fGBP24.97$g0$hP$5Uk
=ACF  \\$aPrevious copyright fee: GBP24.21$c22\8$e01-jul-2014$fGBP24.21$g0$hP$5Uk
=ACF  \\$aPrevious copyright fee: GBP25.77$c22\8$e01-apr-2015$fGBP25.77$g0$hP$5Uk
=ACF  \\$aPrevious copyright fee: GBP26.63$c22\8$e01-jul-2015$fGBP26.63$g0$hP$5Uk
=ACF  \\$aPrevious copyright fee: GBP25.77$c22\8$e01-oct-2015$fGBP25.77$g0$hP$5Uk
=ACF  \\$aPrevious copyright fee: GBP27.55$c22\8$e01-apr-2016$fGBP27.55$g0$hP$5Uk
=ACF  \\$aPrevious copyright fee: GBP29.59$c22\8$e01-oct-2016$fGBP29.59$g0$hP$5Uk
=ACF  \\$aPrevious copyright fee: GBP31.96$c22\8$e01-apr-2017$fGBP31.96$g0$hP$5Uk
=ACF  \\$aPrevious copyright fee: GBP30.73$c22\8$e01-oct-2017$fGBP30.73$g0$hP$5Uk
=ACF  \\$aPrevious copyright fee: GBP28.54$c22\8$e01-apr-2018$fGBP28.54$g0$hP$5Uk
=LAS  \\$a5410$b40$c20230302$lBLL01$h1505

