=LDR  06308cas a2201309 a 4500
=001  013087607
=003  Uk
=005  20230430114726.0
=006  m\\\\\\\\d\\\\\\\\
=007  cr\mnu||||||||
=008  980930c19959999gw\mx\pso\\\\\0\\\\0eng\c
=FMT  \\$a  SE
=010  \\$a2004233603
=015  \\$aGBA505601$2bnb
=022  0\$a1432-0630$l0947-8396$y0947-8396
=035  \\$a(OCoLC)39968813
=037  \\$a???$bSpringer
=040  \\$aPIT$cPIT$dOH1$dOCL$dOCLCQ$dTWT$dGUA$dOCLCQ$dMUQ$dOCL$dOCLCQ$dUk
=042  \\$aukblsr
=050  14$aQC1
=082  04$a534.41
=130  0\$aApplied physics.$nA,$pMaterials science & processing (Online)
=210  0\$aAppl. phys., A Mater. sci. process.$b(Internet)
=222  \0$aApplied physics. A, Materials science & processing$b(Internet)
=245  10$aApplied physics.$nA,$pMaterials science & processing$h[electronic resource].
=246  3\$aApplied physics.$nA,$pMaterials science and processing
=246  30$aMaterials science and processing
=246  30$aMaterials science & processing
=246  17$aAppl. phys.$nA
=260  \\$aHeidelberg :$bSpringer-Verlag Heidelberg
=310  \\$a14 no. a year,$b2003-
=321  \\$aFrequency varies,$b<1995>-2002
=336  \\$atext$2rdacontent
=337  \\$acomputer$2rdamedia
=338  \\$aonline resource$2rdacarrier
=362  1\$aPrint began with vol. A60, no. 1 (Jan. 1995).
=580  \\$aIncludes issues of earlier titles: Applied physics, and: Applied Physics. A, Solids and surfaces.
=588  \\$aDescription based on: Vol. 62, no. 1 (Dec. 1995); title from contents screen (Springer LINK, viewed Apr. 7, 2004).
=588  \\$aLatest issue consulted: Vol. 103, no. 2 (May 2011), viewed May 11, 2011.
=525  \\$aSupplements accompany some issues.
=538  \\$aMode of access: World Wide Web.
=540  \\$aCurrent copyright fee: GBP29.95$c22\1$5Uk
=650  \0$aSolid state physics$vPeriodicals.
=650  \0$aSurfaces (Physics)$vPeriodicals.
=776  08$iPrint version:$tApplied physics. A, Materials science & processing$x0947-8396
=780  10$tApplied physics. A, Solids and surfaces$c(Online)
=859  \\$aELD$bejournal
=856  \\$31850-9999$uhttp://www.springer.com/gb/$xBLDSS
=856  40$uhttp://www.springerlink.com/link.asp?id=100501
=856  40$uhttp://www.springerlink.com/openurl.asp?genre=journal&eissn=1432-0630
=856  40$uhttp://www.springerlink.com/content/100501/$zIncludes issues of earlier titles: Applied physics, and: Applied Physics. A, Solids and surfaces
=859  \\$aXLD$bejournal
=852  41$aBritish Library$bDSC$j1576.360000$3Volume 62:Issue 1(1996)-Volume 124:Issue 4(2018)***See ESTAR for full holdings.
=852  41$aBritish Library$bHMNTS$jELD Digital store$3Volume 123:Number 12(2017)-
=945  \\$aApplied physics A materials science and processing
=959  \\$fHeld but not currently received
=979  \\$aBritish Library$bDSC$j1576.360000
=CAT  \\$a10902$b40$c20050119$lBLL01$h1617
=CAT  \\$aBATCH-UPD$b00$c20150520$lBLL01$h1749
=CAT  \\$aIPL-CLA$c20150630$lBLL01$h1646
=CAT  \\$aBATCH-UPD$b00$c20150820$lBLL01$h1837
=CAT  \\$aIPL-CLA$c20150930$lBLL01$h1806
=CAT  \\$aBATCH-UPD$b00$c20160217$lBLL01$h1727
=CAT  \\$aIPL-CLA$c20160331$lBLL01$h1726
=CAT  \\$aBATCH-UPD$b00$c20160518$lBLL01$h1033
=CAT  \\$aBATCH-UPD$b00$c20160524$lBLL01$h2209
=CAT  \\$aBATCH-UPD$b00$c20160824$lBLL01$h1754
=CAT  \\$aIPL-CLA$c20160930$lBLL01$h1603
=CAT  \\$aBATCH-UPD$b00$c20170216$lBLL01$h1843
=CAT  \\$aIPL-CLA$c20170331$lBLL01$h1844
=CAT  \\$aBATCH-UPD$b00$c20170904$lBLL01$h1851
=CAT  \\$aIPL-CLA$c20170929$lBLL01$h1728
=CAT  \\$aBATCH-UPD$b00$c20180223$lBLL01$h1720
=CAT  \\$aIPL-CLA$c20180331$lBLL01$h1619
=CAT  \\$aW1805-0475$c20180520$lBLL01$h1631
=CAT  \\$aBATCH-UPD$b00$c20180524$lBLL01$h1713
=CAT  \\$aIPL-CLA$c20180630$lBLL01$h1916
=CAT  \\$aW1908-0780$b00$c20200730$lBLL01$h1326
=CAT  \\$a15190$b40$c20201001$lBLL01$h1437
=CAT  \\$aCDS21$c20220118$lBLL01$h1104
=CAT  \\$aBATCH-UPD$b00$c20221121$lBLL01$h1400
=CAT  \\$aIPL-CLA$c20221231$lBLL01$h1445
=CAT  \\$a5410$b40$c20230430$lBLL01$h1147
=CFI  0\$aCurrent copyright fee: GBP29.95$c22\1$e01-jan-2023$fGBP29.95$g0$hP$5Uk
=CFI  2\$aPrevious copyright fee: GBP34.00$c22\1$e01-jul-2018$fGBP34.00$g0$hP$5Uk
=EST  \\$a1
=FFP  \\$aY$bBLDSS-3PM
=FIN  \\$aY$d20110511
=LKR  \\$aPAR$b010462432$lBLL01$r776$mApplied physics A materials science & processing (Online)$nApplied physics A materials science & processing (Print)
=MNI  \\$a0947-8396
=SID  \\$aZ39$bOCLC
=TCO  \\$aDEU$bVG WORT$c008
=TOC  \\$aETOC
=UNO  \\$aY
=ACF  \\$aPrevious copyright fee: GBP16.67$c22\3$e01-jan-2006$fGBP16.67$g0$hP$5Uk
=ACF  \\$aPrevious copyright fee: GBP16.22$c22\3$e01-apr-2005$fGBP16.22$g0$hP$5Uk
=ACF  \\$aPrevious copyright fee: GBP16.67$c22\3$e01-jan-2005$fGBP16.67$g0$hP$5Uk
=ACF  \\$aPrevious copyright fee: GBP17.14$c22\3$e01-apr-2006$fGBP17.14$g0$hP$5Uk
=ACF  \\$aPrevious copyright fee: GBP22.00$c22\3$e12-aug-2012$fGBP22.00$g0$hP$5Uk
=ACF  \\$aPrevious copyright fee: GBP25.00$c22\3$e01-jan-2013$fGBP25.00$g0$hP$5Uk
=ACF  \\$aPrevious copyright fee: GBP25.77$c22\3$e01-jul-2013$fGBP25.77$g0$hP$5Uk
=ACF  \\$aPrevious copyright fee: GBP24.97$c22\3$e01-jan-2014$fGBP24.97$g0$hP$5Uk
=ACF  \\$aPrevious copyright fee: GBP24.21$c22\3$e01-jul-2014$fGBP24.21$g0$hP$5Uk
=ACF  \\$aPrevious copyright fee: GBP25.77$c22\3$e01-apr-2015$fGBP25.77$g0$hP$5Uk
=ACF  \\$aPrevious copyright fee: GBP26.63$c22\3$e01-jul-2015$fGBP26.63$g0$hP$5Uk
=ACF  \\$aPrevious copyright fee: GBP25.77$c22\3$e01-oct-2015$fGBP25.77$g0$hP$5Uk
=ACF  \\$aPrevious copyright fee: GBP27.55$c22\3$e01-apr-2016$fGBP27.55$g0$hP$5Uk
=ACF  \\$aPrevious copyright fee: GBP29.59$c22\3$e01-oct-2016$fGBP29.59$g0$hP$5Uk
=ACF  \\$aPrevious copyright fee: GBP31.96$c22\3$e01-apr-2017$fGBP31.96$g0$hP$5Uk
=ACF  \\$aPrevious copyright fee: GBP30.73$c22\3$e01-oct-2017$fGBP30.73$g0$hP$5Uk
=ACF  \\$aPrevious copyright fee: GBP28.54$c22\3$e01-apr-2018$fGBP28.54$g0$hP$5Uk
=LAS  \\$a5410$b40$c20230430$lBLL01$h1147

