=LDR  06060cas a2201285 a 4500
=001  013087630
=003  Uk
=005  20230304011516.0
=006  m\\\\\\\\d\\\\\\\\
=007  cr\mnu||||||||
=008  980930c19949999gw\mx\pso\\\\\0\\\\0eng\c
=FMT  \\$a  SE
=010  \\$a2004233625
=022  0\$a1432-0649$l0946-2171$y0946-2171
=035  \\$a(OCoLC)39969316
=037  \\$a???$bSpringer
=040  \\$aPIT$cPIT$dOH1$dOCL$dOCLCQ$dTWT$dGUA$dOCLCQ$dMUQ$dOCL$dOCLCQ$dUk
=042  \\$apcc
=050  14$aQC1
=082  04$a621.36$222
=130  0\$aApplied physics.$nB,$pLasers and optics (Online)
=210  0\$aAppl. phys. B, Lasers and optics$b(Internet)
=222  \0$aApplied physics. B, Lasers opt.$b(Internet)
=245  10$aApplied physics.$nB,$pLasers and optics$h[electronic resource].
=246  30$aLasers and optics
=246  17$aAppl. phys.$nB
=260  \\$aHeidelberg :$bSpringer-Verlag
=310  \\$a16 issues a year,$b2001-
=321  \\$aMonthly,$b<1996>-2000
=336  \\$atext$2rdacontent
=337  \\$acomputer$2rdamedia
=338  \\$aonline resource$2rdacarrier
=362  1\$aPrint began with v. B58, no. 1 (Jan. 1994).
=588  \\$aDescription based on: Vol. 63, no. 3 (Aug. 1996); title from contents screen (Springer LINK, viewed Apr. 23, 2004).
=588  \\$aLatest issue consulted: Vol. 103, no. 1 (Apr. 2011), viewed May 11, 2011.
=515  \\$aSome issues combined.
=525  \\$aSupplements accompany some issues.
=538  \\$aMode of access: World Wide Web.
=580  \\$aIncludes issues of earlier title: Applied physics. B, Photo-physics and laser chemistry.
=540  \\$aCurrent copyright fee: GBP29.95$c22\1$5Uk
=650  \0$aPhysics$vPeriodicals.
=650  \0$aLasers in chemistry$vPeriodicals.
=776  08$iPrint version:$tApplied physics. B, Lasers and optics$x0946-2171
=780  10$tApplied physics. B, Photo-physics and laser chemistry$c(Online)
=859  \\$aELD$bejournal
=856  \\$31850-9999$uhttp://www.springer.com/gb/$xBLDSS
=856  40$uhttp://www.springerlink.com/link.asp?id=100502
=856  40$uhttp://www.springerlink.com/openurl.asp?genre=journal&eissn=1432-0649
=856  40$uhttp://www.springerlink.com/content/0946-2171/103/1/$zIncludes issues of earlier title: Applied physics. B, Photo-physics and laser chemistry
=859  \\$aXLD$bejournal
=852  41$aBritish Library$bDSC$j1576.375000$3Volume 63:Issue 3(1996)-Volume 124:Issue 4(2018)***See ESTAR for full holdings.
=852  41$aBritish Library$bHMNTS$jELD Digital store$3Volume 123:Issue 12(2017)-
=945  \\$aAPPLIED PHYSICS B LASERS AND OPTICS
=959  \\$fHeld but not currently received
=979  \\$aBritish Library$bDSC$j1576.375000
=CAT  \\$a6524$b40$c20050119$lBLL01$h1626
=CAT  \\$aBATCH-UPD$b00$c20150520$lBLL01$h1749
=CAT  \\$aIPL-CLA$c20150630$lBLL01$h1646
=CAT  \\$aBATCH-UPD$b00$c20150820$lBLL01$h1837
=CAT  \\$aIPL-CLA$c20150930$lBLL01$h1806
=CAT  \\$aBATCH-UPD$b00$c20160217$lBLL01$h1727
=CAT  \\$aIPL-CLA$c20160331$lBLL01$h1726
=CAT  \\$aBATCH-UPD$b00$c20160518$lBLL01$h0933
=CAT  \\$aBATCH-UPD$b00$c20160524$lBLL01$h2209
=CAT  \\$aBATCH-UPD$b00$c20160824$lBLL01$h1754
=CAT  \\$aIPL-CLA$c20160930$lBLL01$h1603
=CAT  \\$aBATCH-UPD$b00$c20170216$lBLL01$h1843
=CAT  \\$aIPL-CLA$c20170331$lBLL01$h1844
=CAT  \\$aBATCH-UPD$b00$c20170904$lBLL01$h1851
=CAT  \\$aIPL-CLA$c20170929$lBLL01$h1728
=CAT  \\$aBATCH-UPD$b00$c20180223$lBLL01$h1720
=CAT  \\$aIPL-CLA$c20180331$lBLL01$h1619
=CAT  \\$aW1805-0475$c20180520$lBLL01$h1631
=CAT  \\$aBATCH-UPD$b00$c20180524$lBLL01$h1713
=CAT  \\$aIPL-CLA$c20180630$lBLL01$h1916
=CAT  \\$aW1908-0780$b00$c20200730$lBLL01$h1326
=CAT  \\$a15190$b40$c20201001$lBLL01$h1447
=CAT  \\$aCDS21$c20220118$lBLL01$h1104
=CAT  \\$aBATCH-UPD$b00$c20221121$lBLL01$h1400
=CAT  \\$aIPL-CLA$c20221231$lBLL01$h1445
=CAT  \\$a5410$b40$c20230304$lBLL01$h0115
=CFI  0\$aCurrent copyright fee: GBP29.95$c22\1$e01-jan-2023$fGBP29.95$g0$hP$5Uk
=CFI  2\$aPrevious copyright fee: GBP34.00$c22\1$e01-jul-2018$fGBP34.00$g0$hP$5Uk
=EST  \\$a1
=FFP  \\$aY$bBLDSS-3PM
=FIN  \\$aY$d20110511
=LKR  \\$aPAR$b010462434$lBLL01$r776$mApplied physics B : lasers and optics (Online)$nApplied physics B : lasers and optics (Print)
=MNI  \\$a0946-2171
=SID  \\$aZ39$bOCLC
=TCO  \\$aDEU$bVG WORT$c008
=TOC  \\$aETOC
=UNO  \\$aY
=ACF  \\$aPrevious copyright fee: GBP16.67$c22\3$e01-jan-2006$fGBP16.67$g0$hP$5Uk
=ACF  \\$aPrevious copyright fee: GBP16.22$c22\3$e01-apr-2005$fGBP16.22$g0$hP$5Uk
=ACF  \\$aPrevious copyright fee: GBP16.67$c22\3$e01-jan-2005$fGBP16.67$g0$hP$5Uk
=ACF  \\$aPrevious copyright fee: GBP17.14$c22\3$e01-apr-2006$fGBP17.14$g0$hP$5Uk
=ACF  \\$aPrevious copyright fee: GBP22.00$c22\3$e12-aug-2012$fGBP22.00$g0$hP$5Uk
=ACF  \\$aPrevious copyright fee: GBP25.00$c22\3$e01-jan-2013$fGBP25.00$g0$hP$5Uk
=ACF  \\$aPrevious copyright fee: GBP25.77$c22\3$e01-jul-2013$fGBP25.77$g0$hP$5Uk
=ACF  \\$aPrevious copyright fee: GBP24.97$c22\3$e01-jan-2014$fGBP24.97$g0$hP$5Uk
=ACF  \\$aPrevious copyright fee: GBP24.21$c22\3$e01-jul-2014$fGBP24.21$g0$hP$5Uk
=ACF  \\$aPrevious copyright fee: GBP25.77$c22\3$e01-apr-2015$fGBP25.77$g0$hP$5Uk
=ACF  \\$aPrevious copyright fee: GBP26.63$c22\3$e01-jul-2015$fGBP26.63$g0$hP$5Uk
=ACF  \\$aPrevious copyright fee: GBP25.77$c22\3$e01-oct-2015$fGBP25.77$g0$hP$5Uk
=ACF  \\$aPrevious copyright fee: GBP27.55$c22\3$e01-apr-2016$fGBP27.55$g0$hP$5Uk
=ACF  \\$aPrevious copyright fee: GBP29.59$c22\3$e01-oct-2016$fGBP29.59$g0$hP$5Uk
=ACF  \\$aPrevious copyright fee: GBP31.96$c22\3$e01-apr-2017$fGBP31.96$g0$hP$5Uk
=ACF  \\$aPrevious copyright fee: GBP30.73$c22\3$e01-oct-2017$fGBP30.73$g0$hP$5Uk
=ACF  \\$aPrevious copyright fee: GBP28.54$c22\3$e01-apr-2018$fGBP28.54$g0$hP$5Uk
=LAS  \\$a5410$b40$c20230304$lBLL01$h0115

