=LDR  06034cas a2201261 a 4500
=001  013087676
=003  Uk
=005  20230512204756.0
=006  m\\\\\\\\d\\\\\\\\
=007  cr\mnu||||||||
=008  990208c19849999gw\mx\pso\\\\\0\\\\0eng\c
=FMT  \\$a  SE
=010  \\$a2004233650
=022  \\$a1432-0614$l0175-7598$y0175-7598
=035  \\$a(OCoLC)40750225$z(OCoLC)83247527
=037  \\$a???$bSpringer
=040  \\$aRIU$cRIU$dEYM$dOH1$dOCLCQ$dGUA$dMUQ$dOCL$dCIT$dOCLCQ$dUk
=042  \\$aukblsr
=050  14$aQR53
=082  04$a660.62$222
=130  0\$aApplied microbiology and biotechnology (Online)
=210  0\$aAppl. microbiol. biotechnol.$b(Internet)
=222  \0$aApplied microbiology and biotechnology$b(Internet)
=245  10$aApplied microbiology and biotechnology$h[electronic resource].
=246  17$aAppl microbiol biotechnol
=260  \\$aHeidelberg :$bSpringer-Verlag
=310  \\$a17 no. a year,$b2003-
=321  \\$aFrequency varies,$b<1995>-2002
=336  \\$atext$2rdacontent
=337  \\$acomputer$2rdamedia
=338  \\$aonline resource$2rdacarrier
=362  1\$aPrint began with vol. 19, no. 1 (1984).
=580  \\$aIncludes issues of earlier title: European journal of applied microbiology and biotechnology.
=588  \\$aDescription based on: Vol. 44, no. 1/2 (Dec. 1995); title from contents screen (Springer LINK, viewed May 4, 2004).
=588  \\$aLatest issue consulted: Vol. 90, no. 4 (May 2011), viewed May 11, 2011.
=515  \\$aSome issues combined.
=538  \\$aMode of access: World Wide Web.
=540  \\$aCurrent copyright fee: GBP29.95$c22\1$5Uk
=650  \0$aIndustrial microbiology$vPeriodicals.
=650  \0$aBiotechnology$vPeriodicals.
=776  08$iPrint version:$tApplied microbiology and biotechnology$x0175-7598
=780  10$tEuropean journal of applied microbiology and biotechnology$c(Online)
=859  \\$aELD$bejournal
=856  \\$31850-9999$uhttp://www.springer.com/gb/$xBLDSS
=856  40$uhttp://www.springerlink.com/link.asp?id=100457
=856  40$uhttp://www.springerlink.com/openurl.asp?genre=journal&eissn=1432-0614
=856  40$uhttp://www.springerlink.com/content/0175-7598/90/4/$zIncludes issues of earlier title: European journal of applied microbiology and biotechnology
=859  \\$aXLD$bejournal
=852  41$aBritish Library$bHMNTS$jELD Digital store$3Volume 102:Issue 1(2018)-
=852  41$aBritish Library$bDSC$j1576.100000$3Volume 44:Issue 1/2(1995)-Volume 102:Issue 7(2018)***See ESTAR for full holdings.
=945  \\$aAPPLIED MICROBIOLOGY AND BIOTECHNOLOGY.
=959  \\$fHeld but not currently received
=979  \\$aBritish Library$bDSC$j1576.100000
=CAT  \\$a10902$b40$c20050119$lBLL01$h1701
=CAT  \\$aBATCH-UPD$b00$c20150520$lBLL01$h1749
=CAT  \\$aIPL-CLA$c20150630$lBLL01$h1646
=CAT  \\$aBATCH-UPD$b00$c20150820$lBLL01$h1837
=CAT  \\$aIPL-CLA$c20150930$lBLL01$h1806
=CAT  \\$aBATCH-UPD$b00$c20160217$lBLL01$h1727
=CAT  \\$aIPL-CLA$c20160331$lBLL01$h1726
=CAT  \\$aBATCH-UPD$b00$c20160518$lBLL01$h1238
=CAT  \\$aBATCH-UPD$b00$c20160524$lBLL01$h2209
=CAT  \\$aBATCH-UPD$b00$c20160824$lBLL01$h1754
=CAT  \\$aIPL-CLA$c20160930$lBLL01$h1603
=CAT  \\$aBATCH-UPD$b00$c20170216$lBLL01$h1843
=CAT  \\$aIPL-CLA$c20170331$lBLL01$h1844
=CAT  \\$aBATCH-UPD$b00$c20170904$lBLL01$h1851
=CAT  \\$aIPL-CLA$c20170929$lBLL01$h1728
=CAT  \\$aBATCH-UPD$b00$c20180223$lBLL01$h1720
=CAT  \\$aIPL-CLA$c20180331$lBLL01$h1619
=CAT  \\$aW1805-0475$c20180520$lBLL01$h1631
=CAT  \\$aBATCH-UPD$b00$c20180524$lBLL01$h1713
=CAT  \\$aIPL-CLA$c20180630$lBLL01$h1916
=CAT  \\$aW1908-0780$b00$c20200730$lBLL01$h1326
=CAT  \\$a15190$b40$c20201001$lBLL01$h1311
=CAT  \\$aCDS21$c20220118$lBLL01$h1104
=CAT  \\$aBATCH-UPD$b00$c20221121$lBLL01$h1400
=CAT  \\$aIPL-CLA$c20221231$lBLL01$h1445
=CAT  \\$a5410$b40$c20230512$lBLL01$h2047
=CFI  0\$aCurrent copyright fee: GBP29.95$c22\1$e01-jan-2023$fGBP29.95$g0$hP$5Uk
=CFI  2\$aPrevious copyright fee: GBP34.00$c22\1$e01-jul-2018$fGBP34.00$g0$hP$5Uk
=EST  \\$a1
=FFP  \\$aY$bBLDSS-3PM
=FIN  \\$aY$d20110511
=LKR  \\$aPAR$b010462403$lBLL01$r776$mApplied microbiology and biotechnology (Online)$nApplied microbiology and biotechnology (Print)
=MNI  \\$a0175-7598
=SID  \\$aZ39$bOCLC
=TCO  \\$aDEU$bVG WORT$c008
=TOC  \\$aETOC
=UNO  \\$aY
=ACF  \\$aPrevious copyright fee: GBP16.67$c22\3$e01-jan-2006$fGBP16.67$g0$hP$5Uk
=ACF  \\$aPrevious copyright fee: GBP16.22$c22\3$e01-apr-2005$fGBP16.22$g0$hP$5Uk
=ACF  \\$aPrevious copyright fee: GBP16.67$c22\3$e01-jan-2005$fGBP16.67$g0$hP$5Uk
=ACF  \\$aPrevious copyright fee: GBP17.14$c22\3$e01-apr-2006$fGBP17.14$g0$hP$5Uk
=ACF  \\$aPrevious copyright fee: GBP22.00$c22\3$e12-aug-2012$fGBP22.00$g0$hP$5Uk
=ACF  \\$aPrevious copyright fee: GBP25.00$c22\3$e01-jan-2013$fGBP25.00$g0$hP$5Uk
=ACF  \\$aPrevious copyright fee: GBP25.77$c22\3$e01-jul-2013$fGBP25.77$g0$hP$5Uk
=ACF  \\$aPrevious copyright fee: GBP24.97$c22\3$e01-jan-2014$fGBP24.97$g0$hP$5Uk
=ACF  \\$aPrevious copyright fee: GBP24.21$c22\3$e01-jul-2014$fGBP24.21$g0$hP$5Uk
=ACF  \\$aPrevious copyright fee: GBP25.77$c22\3$e01-apr-2015$fGBP25.77$g0$hP$5Uk
=ACF  \\$aPrevious copyright fee: GBP26.63$c22\3$e01-jul-2015$fGBP26.63$g0$hP$5Uk
=ACF  \\$aPrevious copyright fee: GBP25.77$c22\3$e01-oct-2015$fGBP25.77$g0$hP$5Uk
=ACF  \\$aPrevious copyright fee: GBP27.55$c22\3$e01-apr-2016$fGBP27.55$g0$hP$5Uk
=ACF  \\$aPrevious copyright fee: GBP29.59$c22\3$e01-oct-2016$fGBP29.59$g0$hP$5Uk
=ACF  \\$aPrevious copyright fee: GBP31.96$c22\3$e01-apr-2017$fGBP31.96$g0$hP$5Uk
=ACF  \\$aPrevious copyright fee: GBP30.73$c22\3$e01-oct-2017$fGBP30.73$g0$hP$5Uk
=ACF  \\$aPrevious copyright fee: GBP28.54$c22\3$e01-apr-2018$fGBP28.54$g0$hP$5Uk
=LAS  \\$a5410$b40$c20230512$lBLL01$h2047

