=LDR  06180cas a2201249 a 4500
=001  013088917
=003  Uk
=005  20230302151231.0
=006  m\\\\\\\\d\\\\\\\\
=007  cr\cnu||||||||
=008  991109c19989999gw\qr\pso\\\\\0\\\a0eng\c
=FMT  \\$a  SE
=010  \\$a2001229157
=022  0\$a1435-9537$l1435-9529$y1435-9529
=035  \\$a(OCoLC)42790201
=037  \\$a???$bSpringer
=040  \\$aGAT$cGAT$dOH1$dFUG$dOCLCQ$dMUQ$dOCL$dOCLCQ$dUk
=041  0\$aeng$afre
=042  \\$aukblsr
=050  \4$aTA705$b.I48
=082  04$a624.151$222
=130  0\$aBulletin of engineering geology and the environment (Online)
=222  \0$aBulletin of engineering geology and the environment$b(Internet)
=245  10$aBulletin of engineering geology and the environment$h[electronic resource].
=260  \\$aBerlin, Germany :$bSpringer-Verlag
=310  \\$aQuarterly
=336  \\$atext$2rdacontent
=337  \\$acomputer$2rdamedia
=338  \\$aonline resource$2rdacarrier
=362  1\$aPrint began with vol. 57, no. 1 (June 1998).
=588  \\$aDescription based on: Vol. 57, no. 1 (June 1998); title from title screen.
=588  \\$aLatest issue consulted: Vol. 70, no. 2 (May 2011) (SpringerLink, viewed May 24, 2011).
=530  \\$aAlso issued in print.
=538  \\$aMode of access: World Wide Web.
=546  \\$aEnglish or French.
=550  \\$a"Official journal of the International Association for Engineering Geology and the Environment; Bulletin de l'Association Internationale de géologie de l'ingénieur et de l'environnement."
=580  \\$aIncludes issues of earlier title: Bulletin of the International Association of Engineering Geology (Online).
=540  \\$aCurrent copyright fee: GBP29.95$c22\1$5Uk
=650  \0$aEngineering geology$vPeriodicals.
=710  2\$aInternational Association for Engineering Geology and the Environment.
=776  1\$tBulletin of engineering geology and the environment$x1435-9529
=780  10$tBulletin of the International Association of Engineering Geology$c(Online)
=859  \\$aELD$bejournal
=856  \\$31850-9999$uhttp://www.springer.com/gb/$xBLDSS
=856  40$uhttp://link.springer-ny.com/link/service/journals/10064/index.htm
=856  40$uhttp://www.springerlink.com/content/1435-9529/1/1/$zIncludes issues of earlier title: Bulletin of the International Association of Engineering Geology (Online)
=859  \\$aXLD$bejournal
=852  41$aBritish Library$bDSC$j2851.750000$3Volume 57:Issue 2(1998)-Volume 77:Issue 1(2018)***See ESTAR for full holdings.
=852  41$aBritish Library$bHMNTS$jELD Digital store$3Volume 77:Issue 3(2018)-
=945  \\$aBulletin of engineering geology and the environment
=959  \\$fHeld but not currently received
=979  \\$aBritish Library$bDSC$j2851.750000
=CAT  \\$a5552$b40$c20050121$lBLL01$h1424
=CAT  \\$aBATCH-UPD$b00$c20150520$lBLL01$h1749
=CAT  \\$aIPL-CLA$c20150630$lBLL01$h1646
=CAT  \\$aBATCH-UPD$b00$c20150820$lBLL01$h1837
=CAT  \\$aIPL-CLA$c20150930$lBLL01$h1806
=CAT  \\$aBATCH-UPD$b00$c20160217$lBLL01$h1727
=CAT  \\$aIPL-CLA$c20160331$lBLL01$h1726
=CAT  \\$aBATCH-UPD$b00$c20160524$lBLL01$h2209
=CAT  \\$aBATCH-UPD$b00$c20160525$lBLL01$h0017
=CAT  \\$aBATCH-UPD$b00$c20160824$lBLL01$h1754
=CAT  \\$aIPL-CLA$c20160930$lBLL01$h1603
=CAT  \\$aBATCH-UPD$b00$c20170216$lBLL01$h1843
=CAT  \\$aIPL-CLA$c20170331$lBLL01$h1844
=CAT  \\$aBATCH-UPD$b00$c20170904$lBLL01$h1851
=CAT  \\$aIPL-CLA$c20170929$lBLL01$h1728
=CAT  \\$aBATCH-UPD$b00$c20180223$lBLL01$h1720
=CAT  \\$aIPL-CLA$c20180331$lBLL01$h1619
=CAT  \\$aW1805-0475$c20180520$lBLL01$h1631
=CAT  \\$aBATCH-UPD$b00$c20180524$lBLL01$h1713
=CAT  \\$aIPL-CLA$c20180630$lBLL01$h1916
=CAT  \\$aW1908-0780$b00$c20200730$lBLL01$h1326
=CAT  \\$a15190$b40$c20201009$lBLL01$h1622
=CAT  \\$aCDS21$c20220118$lBLL01$h1104
=CAT  \\$aBATCH-UPD$b00$c20221121$lBLL01$h1400
=CAT  \\$aIPL-CLA$c20221231$lBLL01$h1445
=CAT  \\$a5410$b40$c20230302$lBLL01$h1512
=CFI  0\$aCurrent copyright fee: GBP29.95$c22\1$e01-jan-2023$fGBP29.95$g0$hP$5Uk
=CFI  2\$aPrevious copyright fee: GBP34.00$c22\1$e01-jul-2018$fGBP34.00$g0$hP$5Uk
=EST  \\$a1
=FFP  \\$aY$bBLDSS-3PM
=FIN  \\$aY$d20110524
=LKR  \\$aPAR$b011735905$lBLL01$mBulletin of engineering geology and the environment (Online)$nBulletin of engineering geology and the environment (Print)
=MNI  \\$a1435-9529
=SID  \\$aZ39$bOCLC
=TCO  \\$aDEU$bVG WORT$c008
=TOC  \\$aETOC
=UNO  \\$aY
=ACF  \\$aPrevious copyright fee: GBP16.67$c22\3$e01-jan-2006$fGBP16.67$g0$hP$5Uk
=ACF  \\$aPrevious copyright fee: GBP16.22$c22\3$e01-apr-2005$fGBP16.22$g0$hP$5Uk
=ACF  \\$aPrevious copyright fee: GBP16.67$c22\3$e01-jan-2005$fGBP16.67$g0$hP$5Uk
=ACF  \\$aPrevious copyright fee: GBP17.14$c22\3$e01-apr-2006$fGBP17.14$g0$hP$5Uk
=ACF  \\$aPrevious copyright fee: GBP22.00$c22\3$e12-aug-2012$fGBP22.00$g0$hP$5Uk
=ACF  \\$aPrevious copyright fee: GBP25.00$c22\3$e01-jan-2013$fGBP25.00$g0$hP$5Uk
=ACF  \\$aPrevious copyright fee: GBP25.77$c22\3$e01-jul-2013$fGBP25.77$g0$hP$5Uk
=ACF  \\$aPrevious copyright fee: GBP24.97$c22\3$e01-jan-2014$fGBP24.97$g0$hP$5Uk
=ACF  \\$aPrevious copyright fee: GBP24.21$c22\3$e01-jul-2014$fGBP24.21$g0$hP$5Uk
=ACF  \\$aPrevious copyright fee: GBP25.77$c22\3$e01-apr-2015$fGBP25.77$g0$hP$5Uk
=ACF  \\$aPrevious copyright fee: GBP26.63$c22\3$e01-jul-2015$fGBP26.63$g0$hP$5Uk
=ACF  \\$aPrevious copyright fee: GBP25.77$c22\3$e01-oct-2015$fGBP25.77$g0$hP$5Uk
=ACF  \\$aPrevious copyright fee: GBP27.55$c22\3$e01-apr-2016$fGBP27.55$g0$hP$5Uk
=ACF  \\$aPrevious copyright fee: GBP29.59$c22\3$e01-oct-2016$fGBP29.59$g0$hP$5Uk
=ACF  \\$aPrevious copyright fee: GBP31.96$c22\3$e01-apr-2017$fGBP31.96$g0$hP$5Uk
=ACF  \\$aPrevious copyright fee: GBP30.73$c22\3$e01-oct-2017$fGBP30.73$g0$hP$5Uk
=ACF  \\$aPrevious copyright fee: GBP28.54$c22\3$e01-apr-2018$fGBP28.54$g0$hP$5Uk
=LAS  \\$a5410$b40$c20230302$lBLL01$h1512

