=LDR  06428cas a2201345 a 4500
=001  013089262
=003  Uk
=005  20221231144552.0
=006  m\\\\\\\\d\\\\\\\\
=007  cr\unu||||||||
=008  990223c19919999gw\mx\pso\\\\\0\\\\0eng\c
=FMT  \\$a  SE
=010  \\$a2007233411
=015  \\$a02,A12,1010$2dnb
=016  7\$a019518552$2DE-101
=016  7\$a1458429-3$2DE-600
=022  0\$a1432-0584$l0939-5555$y0939-5555
=035  \\$a(OCoLC)41903082$z(OCoLC)605624901
=037  \\$a???$bSpringer
=040  \\$aCOO$cCOO$dOH1$dOCLCQ$dMUQ$dOCL$dGUA$dMYG$dOCLCQ$dU5D$dGEBAY$dGWDNB$dUk
=042  \\$aukblsr
=050  14$aRG633
=082  04$a616.15
=130  0\$aAnnals of hematology (Online)
=222  \0$aAnnals of hematology$b(Internet)
=245  10$aAnnals of hematology$h[electronic resource].
=260  \\$aBerlin :$bSpringer-Verlag
=310  \\$aTwelve no. a year
=336  \\$atext$2rdacontent
=337  \\$acomputer$2rdamedia
=338  \\$aonline resource$2rdacarrier
=362  1\$aPrint began with vol. 62, no. 1 (Feb. 1991).
=588  \\$aDescription based on: Vol. 74, no. 1 (Jan. 1997); title from contents screen (SpringerLink, viewed June 11, 2007).
=588  \\$aLatest issue consulted: Vol. 90, no. 6 (June 2011) (viewed June 2, 2011).
=525  \\$aHas supplements.
=538  \\$aMode of access: World Wide Web.
=550  \\$aOrgan of: Deutsche Gesellschaft für Hämatologie und Onkologie, Gesellschaft für Thrombose- und Hämostaseforschung, and Österreichische Gesellschaft für Hämatologie und Onkologie.
=580  \\$aIncludes issues of earlier title: Blut.
=540  \\$aCurrent copyright fee: GBP34.95$c22\1$5Uk
=650  \0$aBlood$vPeriodicals.
=650  \0$aBlood$xDiseases$vPeriodicals.
=650  \0$aHematology$vPeriodicals.
=710  2\$aDeutsche Gesellschaft für Hämatologie und Onkologie.
=710  2\$aGesellschaft für Thrombose- und Hämostaseforschung.
=710  2\$aÖsterreichische Gesellschaft für Hämatologie und Onkologie.
=776  08$iPrint version:$tAnnals of hematology$x0939-5555
=780  05$tHematology and cell therapy (Online)$gDec. 2000$x1279-8509$w(DLC) 2007233416$w(OCoLC)42964399
=780  10$tBlut$c(Online)
=859  \\$aELD$bejournal
=856  \\$31850-9999$uhttp://www.springer.com/gb/$xBLDSS
=856  40$uhttp://link.springer-ny.com/link/service/journals/00277/index.htm$zInternet resource file; accessible through Library Gateway
=856  40$uhttp://www.springerlink.com/openurl.asp?genre=journal&issn=0939-5555
=856  40$uhttp://www.springerlink.com/content/100397/$zIncludes issues of earlier title: Blut
=859  \\$aXLD$bejournal
=852  41$aBritish Library$bDSC$j1040.855000$3Volume 75:Issue 4(1997)-Volume 97:Issue 4(2018)***See ESTAR for full holdings.
=852  41$aBritish Library$bHMNTS$jELD Digital store$3Volume 97:Issue 1(2018)-
=945  \\$aAnnals of hematology
=959  \\$fHeld but not currently received
=979  \\$aBritish Library$bDSC$j1040.855000
=CAT  \\$a7750$b40$c20050122$lBLL01$h0837
=CAT  \\$aBATCH-UPD$b00$c20150820$lBLL01$h1837
=CAT  \\$aIPL-CLA$c20150930$lBLL01$h1806
=CAT  \\$aBATCH-UPD$b00$c20160217$lBLL01$h1727
=CAT  \\$aIPL-CLA$c20160331$lBLL01$h1726
=CAT  \\$aBATCH-UPD$b00$c20160524$lBLL01$h2209
=CAT  \\$aBATCH-UPD$b00$c20160525$lBLL01$h0017
=CAT  \\$aBATCH-UPD$b00$c20160824$lBLL01$h1754
=CAT  \\$aIPL-CLA$c20160930$lBLL01$h1603
=CAT  \\$aBATCH-UPD$b00$c20170216$lBLL01$h1843
=CAT  \\$aIPL-CLA$c20170331$lBLL01$h1844
=CAT  \\$aBATCH-UPD$b00$c20170904$lBLL01$h1851
=CAT  \\$aIPL-CLA$c20170929$lBLL01$h1728
=CAT  \\$aBATCH-UPD$b00$c20180223$lBLL01$h1720
=CAT  \\$aIPL-CLA$c20180331$lBLL01$h1619
=CAT  \\$aW1805-0475$c20180520$lBLL01$h1631
=CAT  \\$aBATCH-UPD$b00$c20180524$lBLL01$h1713
=CAT  \\$aIPL-CLA$c20180630$lBLL01$h1916
=CAT  \\$aW1908-0780$b00$c20200730$lBLL01$h1326
=CAT  \\$a15190$b40$c20201001$lBLL01$h1015
=CAT  \\$a12654$b40$c20210923$lBLL01$h1157
=CAT  \\$aIPL-CLA$c20210930$lBLL01$h1527
=CAT  \\$aCDS21$c20220118$lBLL01$h1105
=CAT  \\$aBATCH-UPD$b00$c20221121$lBLL01$h1411
=CAT  \\$a5410$b40$c20221206$lBLL01$h1348
=CAT  \\$aIPL-CLA$c20221231$lBLL01$h1445
=CFI  0\$aCurrent copyright fee: GBP34.95$c22\1$e01-jan-2023$fGBP34.95$g0$hP$5Uk
=CFI  2\$aPrevious copyright fee: GBP43.00$c22\1$e01-oct-2021$fGBP43.00$g0$hP$5Uk
=EST  \\$a1
=FFP  \\$aY$bBLDSS-3PM
=FIN  \\$aY$d20110602
=LKR  \\$aPAR$b008210257$lBLL01$r776$mAnnals of Hematology (Online)$nAnnals of hematology (Print)
=MNI  \\$a0939-5555
=SID  \\$aZ39$bOCLC
=TCO  \\$aDEU$bVG WORT$c008
=TOC  \\$aETOC
=UNO  \\$aY
=ACF  \\$aPrevious copyright fee: GBP16.67$c22\3$e01-jan-2006$fGBP16.67$g0$hP$5Uk
=ACF  \\$aPrevious copyright fee: GBP16.22$c22\3$e01-apr-2005$fGBP16.22$g0$hP$5Uk
=ACF  \\$aPrevious copyright fee: GBP16.67$c22\3$e01-jan-2005$fGBP16.67$g0$hP$5Uk
=ACF  \\$aPrevious copyright fee: GBP17.14$c22\3$e01-apr-2006$fGBP17.14$g0$hP$5Uk
=ACF  \\$aPrevious copyright fee: GBP22.00$c22\3$e12-aug-2012$fGBP22.00$g0$hP$5Uk
=ACF  \\$aPrevious copyright fee: GBP25.00$c22\3$e01-jan-2013$fGBP25.00$g0$hP$5Uk
=ACF  \\$aPrevious copyright fee: GBP25.77$c22\3$e01-jul-2013$fGBP25.77$g0$hP$5Uk
=ACF  \\$aPrevious copyright fee: GBP24.97$c22\3$e01-jan-2014$fGBP24.97$g0$hP$5Uk
=ACF  \\$aPrevious copyright fee: GBP24.21$c22\3$e01-jul-2014$fGBP24.21$g0$hP$5Uk
=ACF  \\$aPrevious copyright fee: GBP25.77$c22\3$e01-apr-2015$fGBP25.77$g0$hP$5Uk
=ACF  \\$aPrevious copyright fee: GBP26.63$c22\3$e01-jul-2015$fGBP26.63$g0$hP$5Uk
=ACF  \\$aPrevious copyright fee: GBP25.77$c22\3$e01-oct-2015$fGBP25.77$g0$hP$5Uk
=ACF  \\$aPrevious copyright fee: GBP27.55$c22\3$e01-apr-2016$fGBP27.55$g0$hP$5Uk
=ACF  \\$aPrevious copyright fee: GBP29.59$c22\3$e01-oct-2016$fGBP29.59$g0$hP$5Uk
=ACF  \\$aPrevious copyright fee: GBP31.96$c22\3$e01-apr-2017$fGBP31.96$g0$hP$5Uk
=ACF  \\$aPrevious copyright fee: GBP30.73$c22\3$e01-oct-2017$fGBP30.73$g0$hP$5Uk
=ACF  \\$aPrevious copyright fee: GBP28.54$c22\3$e01-apr-2018$fGBP28.54$g0$hP$5Uk
=ACF  \\$aPrevious copyright fee: GBP34.00$c22\1$e01-jul-2018$fGBP34.00$g0$hP$5Uk
=LAS  \\$aIPL-CLA$b00$c20221231$lBLL01$h1445

