=LDR  06252cas a2201249 a 4500
=001  013089299
=003  Uk
=005  20230429172642.0
=006  m\\\\\\\\d\\\\\\\\
=007  cr\cnu||||||||
=008  991108c19789999gw\mx\pso\\\\\0\\\a0eng\c
=FMT  \\$a  SE
=010  \\$a2007233499
=022  \\$a1432-069X$l0340-3696$y0340-3696
=035  \\$a(OCoLC)42787304
=037  \\$a???$bSpringer
=040  \\$aGAT$cGAT$dOH1$dOCLCQ$dMUQ$dOCL$dGUA$dOCLCQ$dUk
=041  0\$aeng$ager
=042  \\$aukblsr
=050  14$aRL1
=082  04$a616.5$222
=130  0\$aArchives of dermatological research (Online)
=222  \0$aArchives of dermatological research$b(Internet)
=245  10$aArchives of dermatological research$h[electronic resource] =$bArchiv für dermatologische Forschung.
=246  31$aArchiv für dermatologische Forschung
=260  \\$aBerlin ;$aNew York :$bSpringer-Verlag
=310  \\$aThree vols. per year
=336  \\$atext$2rdacontent
=337  \\$acomputer$2rdamedia
=338  \\$aonline resource$2rdacarrier
=362  1\$aBegan with v. 261, no. 1 (Jan. 1978).
=580  \\$aIncludes issues of earlier titles: Archiv für Dermatologie und Syphilis, Vierteljahresschrift für Dermatologie und Syphilis, Archiv für klinische und experimentelle Dermatologie, and Archiv für dermatologische Forschung.
=588  \\$aDescription based on: Vol. 289, no. 2 (Jan. 1997); title from contents screen (SpringerLink, viewed July 25, 2007).
=588  \\$aLatest issue consulted: Vol. 303, no. 4 (May 2011) (viewed June 2, 2011).
=538  \\$aMode of access: World Wide Web.
=546  \\$aArticles in English or German with summaries in both languages.
=540  \\$aCurrent copyright fee: GBP34.95$c22\1$5Uk
=650  \0$aDermatology$vPeriodicals.
=776  08$iIssued also in print:$tArchives of dermatological research$x0340-3696
=780  10$tArchiv für dermatologische Forschung$c(Online)
=859  \\$aELD$bejournal
=856  \\$31850-9999$uhttp://www.springer.com/gb/$xBLDSS
=856  40$uhttp://link.springer-ny.com/link/service/journals/00403/index.htm
=856  40$uhttp://www.springerlink.com/content/100398/$zIncludes issues of earlier titles: Archiv für Dermatologie und Syphilis, Vierteljahresschrift für Dermatologie und Syphilis, Archiv für klinische und experimentelle Dermatologie, and Archiv für dermatologische Forschung
=859  \\$aXLD$bejournal
=852  41$aBritish Library$bDSC$j1634.130000$3Volume 289:Issue 10(1997)-Volume 310:Issue 3(2018)***See ESTAR for full holdings.
=852  41$aBritish Library$bHMNTS$jELD Digital store$3Volume 310:Issue 1(2018)-
=945  \\$aArchives of dermatological research.
=959  \\$fHeld but not currently received
=979  \\$aBritish Library$bDSC$j1634.130000
=985  \\$aCONFERENCE ANALYTIC &RECORDS EXIST
=CAT  \\$a6524$b40$c20050122$lBLL01$h0929
=CAT  \\$aBATCH-UPD$b00$c20150820$lBLL01$h1837
=CAT  \\$aIPL-CLA$c20150930$lBLL01$h1806
=CAT  \\$aBATCH-UPD$b00$c20160217$lBLL01$h1727
=CAT  \\$aIPL-CLA$c20160331$lBLL01$h1726
=CAT  \\$aBATCH-UPD$b00$c20160524$lBLL01$h2209
=CAT  \\$aBATCH-UPD$b00$c20160525$lBLL01$h0017
=CAT  \\$aBATCH-UPD$b00$c20160824$lBLL01$h1754
=CAT  \\$aIPL-CLA$c20160930$lBLL01$h1603
=CAT  \\$aBATCH-UPD$b00$c20170216$lBLL01$h1843
=CAT  \\$aIPL-CLA$c20170331$lBLL01$h1844
=CAT  \\$aBATCH-UPD$b00$c20170904$lBLL01$h1851
=CAT  \\$aIPL-CLA$c20170929$lBLL01$h1728
=CAT  \\$aBATCH-UPD$b00$c20180223$lBLL01$h1720
=CAT  \\$aIPL-CLA$c20180331$lBLL01$h1619
=CAT  \\$aW1805-0475$c20180520$lBLL01$h1631
=CAT  \\$aBATCH-UPD$b00$c20180524$lBLL01$h1713
=CAT  \\$aIPL-CLA$c20180630$lBLL01$h1916
=CAT  \\$aW1908-0780$b00$c20200730$lBLL01$h1326
=CAT  \\$a15190$b40$c20201005$lBLL01$h1526
=CAT  \\$a5552$b40$c20210810$lBLL01$h0930
=CAT  \\$aIPL-CLA$c20210930$lBLL01$h1527
=CAT  \\$aCDS21$c20220118$lBLL01$h1105
=CAT  \\$aBATCH-UPD$b00$c20221121$lBLL01$h1411
=CAT  \\$aIPL-CLA$c20221231$lBLL01$h1445
=CAT  \\$a5410$b40$c20230429$lBLL01$h1726
=CFI  0\$aCurrent copyright fee: GBP34.95$c22\1$e01-jan-2023$fGBP34.95$g0$hP$5Uk
=CFI  2\$aPrevious copyright fee: GBP43.00$c22\1$e01-oct-2021$fGBP43.00$g0$hP$5Uk
=EST  \\$a1
=FFP  \\$aY$bBLDSS-3PM
=FIN  \\$aY$d20110602
=LKR  \\$aPAR$b009559653$lBLL01$r776$mArchives of dermatological research$nArchives of dermatological research.
=MNI  \\$a0340-3696
=SID  \\$aZ39$bOCLC
=TCO  \\$aDEU$bVG WORT$c008
=TOC  \\$aETOC
=UNO  \\$aY
=ACF  \\$aPrevious copyright fee: GBP16.67$c22\3$e01-jan-2006$fGBP16.67$g0$hP$5Uk
=ACF  \\$aPrevious copyright fee: GBP16.22$c22\3$e01-apr-2005$fGBP16.22$g0$hP$5Uk
=ACF  \\$aPrevious copyright fee: GBP16.67$c22\3$e01-jan-2005$fGBP16.67$g0$hP$5Uk
=ACF  \\$aPrevious copyright fee: GBP17.14$c22\3$e01-apr-2006$fGBP17.14$g0$hP$5Uk
=ACF  \\$aPrevious copyright fee: GBP22.00$c22\3$e12-aug-2012$fGBP22.00$g0$hP$5Uk
=ACF  \\$aPrevious copyright fee: GBP25.00$c22\3$e01-jan-2013$fGBP25.00$g0$hP$5Uk
=ACF  \\$aPrevious copyright fee: GBP25.77$c22\3$e01-jul-2013$fGBP25.77$g0$hP$5Uk
=ACF  \\$aPrevious copyright fee: GBP24.97$c22\3$e01-jan-2014$fGBP24.97$g0$hP$5Uk
=ACF  \\$aPrevious copyright fee: GBP24.21$c22\3$e01-jul-2014$fGBP24.21$g0$hP$5Uk
=ACF  \\$aPrevious copyright fee: GBP25.77$c22\3$e01-apr-2015$fGBP25.77$g0$hP$5Uk
=ACF  \\$aPrevious copyright fee: GBP26.63$c22\3$e01-jul-2015$fGBP26.63$g0$hP$5Uk
=ACF  \\$aPrevious copyright fee: GBP25.77$c22\3$e01-oct-2015$fGBP25.77$g0$hP$5Uk
=ACF  \\$aPrevious copyright fee: GBP27.55$c22\3$e01-apr-2016$fGBP27.55$g0$hP$5Uk
=ACF  \\$aPrevious copyright fee: GBP29.59$c22\3$e01-oct-2016$fGBP29.59$g0$hP$5Uk
=ACF  \\$aPrevious copyright fee: GBP31.96$c22\3$e01-apr-2017$fGBP31.96$g0$hP$5Uk
=ACF  \\$aPrevious copyright fee: GBP30.73$c22\3$e01-oct-2017$fGBP30.73$g0$hP$5Uk
=ACF  \\$aPrevious copyright fee: GBP28.54$c22\3$e01-apr-2018$fGBP28.54$g0$hP$5Uk
=ACF  \\$aPrevious copyright fee: GBP34.00$c22\1$e01-jul-2018$fGBP34.00$g0$hP$5Uk
=LAS  \\$a5410$b40$c20230429$lBLL01$h1726

