=LDR  06715cas a2201357 a 4500
=001  013089496
=003  Uk
=005  20230703114504.0
=006  m\\\\\\\\d\\\\\\\\
=007  cr\|n|||||||||
=008  960224c19959999fr\qr\p\o\\\\\0\\\a0eng\d
=FMT  \\$a  SE
=010  \\$asn 96039091
=022  \\$a1432-1068$y0940-3264
=030  \\$aEJOTF3
=035  \\$a(OCoLC)61677366
=037  \\$a???$bSpringer
=040  \\$aQCL$cQCL$dAUD$dUk
=041  0\$aeng$afre
=050  \4$aRD701$b.E97
=060  00$aW1$bOR815
=082  04$a616.7$223
=130  0\$aEuropean journal of orthopaedic surgery & traumatology (Online)
=245  10$aEuropean journal of orthopaedic surgery & traumatology$h[electronic resource] :$borthopédie traumatologie.
=246  30$aOrthopédie traumatologie
=246  30$aEJOST
=260  \\$a[Paris, France] :$bSpringer,$cc1995-
=300  \\$av. :$bill.
=310  \\$aQuarterly
=336  \\$atext$2rdacontent
=337  \\$acomputer$2rdamedia
=338  \\$aonline resource$2rdacarrier
=362  0\$aPrint began with vol. 1, no. 1 (Mar. 1991).
=546  \\$aArticles chiefly in English with some in French; summaries and table of contents in both languages.
=550  \\$aOfficial organ of Société d'orthopédie et de traumatologie de l'Est de la France (S.O.T.EST), Groupe d'étude pour la chirurgie osseuse (G.E.C.O.), European Bone and Joint Infection Society (E.B.J.I.S.).
=580  \\$aOriginal print version of this title preceded by an earlier title: Orthopédie traumatologie.
=588  \\$aLatest issue consulted: Vol. 21, no. 5 (July 2011) (SpringerLink, viewed June 21, 2011).
=540  \\$aCurrent copyright fee: GBP34.95$c22\1$5Uk
=650  \0$aOrthopedics$vPeriodicals.
=650  \0$aWounds and injuries$xSurgery$vPeriodicals.
=650  \0$aTraumatology$vPeriodicals.
=710  2\$aSociété d'orthopédie et de traumatologie de l'Est de la France.
=710  2\$aGroupe d'étude pour la chirurgie osseuse.
=710  2\$aEuropean Bone and Joint Infection Society.
=710  2\$aLINK (Online service)
=776  08$iAlso issued in print:$tEuropean journal of orthopaedic surgery & traumatology$x1633-8065
=859  \\$aELD$bejournal
=856  \\$31850-9999$uhttp://www.springer.com/gb/$xBLDSS
=856  40$uhttp://www.springerlink.com/content/101157/
=856  40$uhttp://www.springerlink.com/openurl.asp?genre=journal&issn=1633-8065$zFull text available from Springer-Verlag LINK: from 01/03/2002 to present
=859  \\$aXLD$bejournal
=852  41$aBritish Library$bDSC$j3829.733320$3Volume 7:Issue 1(1997)-Volume 28:Issue 3(2018)***See ESTAR for full holdings.
=852  41$aBritish Library$bHMNTS$jELD Digital store$3Volume 28:Issue 5(2018)-
=945  \\$aEuropean journal of orthopaedic surgery and traumatology
=959  \\$fHeld but not currently received
=979  \\$aBritish Library$bDSC$j3829.733320
=CAT  \\$a6524$b40$c20050122$lBLL01$h1407
=CAT  \\$aBATCH-UPD$b00$c20160217$lBLL01$h1740
=CAT  \\$aIPL-CLA$c20160331$lBLL01$h1726
=CAT  \\$aBATCH-UPD$b00$c20160524$lBLL01$h2209
=CAT  \\$aBATCH-UPD$b00$c20160525$lBLL01$h0018
=CAT  \\$aBATCH-UPD$b00$c20160824$lBLL01$h1807
=CAT  \\$aIPL-CLA$c20160930$lBLL01$h1603
=CAT  \\$aBATCH-UPD$b00$c20170216$lBLL01$h1855
=CAT  \\$aIPL-CLA$c20170331$lBLL01$h1844
=CAT  \\$aBATCH-UPD$b00$c20170904$lBLL01$h1906
=CAT  \\$aIPL-CLA$c20170929$lBLL01$h1728
=CAT  \\$aBATCH-UPD$b00$c20180223$lBLL01$h1739
=CAT  \\$aIPL-CLA$c20180331$lBLL01$h1619
=CAT  \\$aW1805-0475$c20180520$lBLL01$h1631
=CAT  \\$aBATCH-UPD$b00$c20180524$lBLL01$h1725
=CAT  \\$aIPL-CLA$c20180630$lBLL01$h1916
=CAT  \\$aW1908-0780$b00$c20200730$lBLL01$h1327
=CAT  \\$a5552$b40$c20200818$lBLL01$h1352
=CAT  \\$a15190$b40$c20201103$lBLL01$h1615
=CAT  \\$a15190$b40$c20201103$lBLL01$h1616
=CAT  \\$a5552$b40$c20210811$lBLL01$h1246
=CAT  \\$aIPL-CLA$c20210930$lBLL01$h1528
=CAT  \\$aCDS21$c20220118$lBLL01$h1105
=CAT  \\$aBATCH-UPD$b00$c20221121$lBLL01$h1411
=CAT  \\$aIPL-CLA$c20221231$lBLL01$h1445
=CAT  \\$a5410$b40$c20230703$lBLL01$h1145
=CFI  0\$aCurrent copyright fee: GBP34.95$c22\1$e01-jan-2023$fGBP34.95$g0$hP$5Uk
=CFI  2\$aPrevious copyright fee: GBP43.00$c22\1$e01-oct-2021$fGBP43.00$g0$hP$5Uk
=EST  \\$a1
=FFP  \\$aY$bBLDSS-3PM
=FIN  \\$aY$d20110621
=LKR  \\$aPAR$b007858759$lBLL01$r776$mEuropean journal of orthopaedic surgery & traumatology (Online)$nEuropean journal of orthopaedic surgery & traumatology (Print)
=MNI  \\$a1633-8065
=SID  \\$aZ39$bOCLC
=TCO  \\$aFRA$bCFC$c008
=TOC  \\$aETOC
=UNO  \\$aY
=ACF  \\$aPrevious copyright fee: GBP21.25$c23\1$e01-jan-2009$fGBP21.25$g0$hP$5Uk
=ACF  \\$aPrevious copyright fee: GBP16.75$c23\1$e01-jan-2007$fGBP16.75$g0$hP$5Uk
=ACF  \\$aPrevious copyright fee: GBP16.22$c23\1$e01-oct-2006$fGBP16.22$g0$hP$5Uk
=ACF  \\$aPrevious copyright fee: GBP17.14$c23\1$e01-apr-2006$fGBP17.14$g0$hP$5Uk
=ACF  \\$aPrevious copyright fee: GBP16.67$c23\1$e01-jan-2006$fGBP16.67$g0$hP$5Uk
=ACF  \\$aPrevious copyright fee: GBP16.22$c23\1$e01-apr-2005$fGBP16.22$g0$hP$5Uk
=ACF  \\$aPrevious copyright fee: GBP16.67$c23\1$e01-jan-2005$fGBP16.67$g0$hP$5Uk
=ACF  \\$aPrevious copyright fee: GBP22.00$c23\1$e01-apr-2009$fGBP22.00$g0$hP$5Uk
=ACF  \\$aPrevious copyright fee: GBP22.00$c23\1$e12-aug-2012$fGBP22.00$g0$hP$5Uk
=ACF  \\$aPrevious copyright fee: GBP25.00$c23\1$e01-jan-2013$fGBP25.00$g0$hP$5Uk
=ACF  \\$aPrevious copyright fee: GBP25.77$c23\1$e01-jul-2013$fGBP25.77$g0$hP$5Uk
=ACF  \\$aPrevious copyright fee: GBP24.97$c23\1$e01-jan-2014$fGBP24.97$g0$hP$5Uk
=ACF  \\$aPrevious copyright fee: GBP24.21$c23\1$e01-jul-2014$fGBP24.21$g0$hP$5Uk
=ACF  \\$aPrevious copyright fee: GBP25.77$c23\1$e01-apr-2015$fGBP25.77$g0$hP$5Uk
=ACF  \\$aPrevious copyright fee: GBP26.63$c23\1$e01-jul-2015$fGBP26.63$g0$hP$5Uk
=ACF  \\$aPrevious copyright fee: GBP25.77$c23\1$e01-oct-2015$fGBP25.77$g0$hP$5Uk
=ACF  \\$aPrevious copyright fee: GBP27.55$c23\1$e01-apr-2016$fGBP27.55$g0$hP$5Uk
=ACF  \\$aPrevious copyright fee: GBP29.59$c23\1$e01-oct-2016$fGBP29.59$g0$hP$5Uk
=ACF  \\$aPrevious copyright fee: GBP31.96$c23\1$e01-apr-2017$fGBP31.96$g0$hP$5Uk
=ACF  \\$aPrevious copyright fee: GBP30.73$c23\1$e01-oct-2017$fGBP30.73$g0$hP$5Uk
=ACF  \\$aPrevious copyright fee: GBP28.54$c23\1$e01-apr-2018$fGBP28.54$g0$hP$5Uk
=ACF  \\$aPrevious copyright fee: GBP34.00$c22\1$e01-jul-2018$fGBP34.00$g0$hP$5Uk
=LAS  \\$a5410$b40$c20230703$lBLL01$h1145

