=LDR  05580cas a2201213 a 4500
=001  013089583
=003  Uk
=005  20230808103532.0
=006  m\\\\\\\\d\\\\\\\\
=007  cr||||||||||||
=008  991118d19282022gw\mr\pss\\\\\0\\\b0ger\d
=FMT  \\$a  SE
=022  \\$a1433-0385$l0009-4722
=035  \\$a(OCoLC)42852096
=037  \\$a???$bSpringer
=040  \\$aGAT$beng$cGAT$dOCLCQ$dMUQ$dCGU$dOCL$dSYB$dCIT$dTPH$dOCLCQ$dUk
=042  \\$aukblsr
=050  14$aRD1
=082  04$a617.005$222
=130  0\$aChirurg (Online)
=210  1\$aChirurg$b(Berl., Internet)
=222  \4$aDer Chirurg$b(Berlin. Internet)
=245  14$aDer Chirurg$h[electronic resource].
=260  \\$aBerlin ;$aNew York :$bSpringer-Verlag,$c-[2022]
=310  \\$aMonthly
=336  \\$atext$2rdacontent
=337  \\$acomputer$2rdamedia
=338  \\$aonline resource$2rdacarrier
=362  1\$aCeased with volume 93, issue 5 (May 2022).
=588  \\$aDescription based on: Vol. 68, no. 1 (1997); title from title screen (viewed Nov. 11, 1999).
=588  \\$aLatest issue consulted: Vol. 82, no. 4 (Apr. 2011) (SpringerLink, viewed Apr. 11, 2011).
=540  \\$aCurrent copyright fee: GBP34.95$c22\1$5Uk
=650  12$aGeneral Surgery$vPeriodicals.
=650  \0$aSurgery$vPeriodicals.
=776  08$iPrint version:$tChirurg$x0009-4722
=785  00$tDie Chirurgie$x2731-698X
=859  \\$aELD$bejournal
=856  \\$31850-9999$uhttp://www.springer.com/gb/$xBLDSS
=856  4\$uhttp://firstsearch.oclc.org$zAddress for accessing the journal using authorization number and password through OCLC FirstSearch Electronic Collections Online
=856  40$uhttp://link.springer.de/link/service/journals/00104/index.htm
=856  40$uhttp://www.metapress.com/link.asp?id=100466
=859  \\$aXLD$bejournal
=852  41$aBritish Library$bDSC$j3181.150000$3Volume 68:Issue 7(1997)-Volume 89:Issue 3(2018)***See ESTAR for full holdings.
=852  41$aBritish Library$bHMNTS$jELD Digital store$3Volume 88:Issue 12(2017)-Volume 89:Issue 4(2018)
=945  \\$aCHIRURG.
=959  \\$fHeld but not currently received
=979  \\$aBritish Library$bDSC$j3181.150000
=CAT  \\$a6524$b40$c20050122$lBLL01$h1639
=CAT  \\$aBATCH-UPD$b00$c20150820$lBLL01$h1837
=CAT  \\$aIPL-CLA$c20150930$lBLL01$h1806
=CAT  \\$aBATCH-UPD$b00$c20160217$lBLL01$h1727
=CAT  \\$aIPL-CLA$c20160331$lBLL01$h1726
=CAT  \\$aBATCH-UPD$b00$c20160524$lBLL01$h2209
=CAT  \\$aBATCH-UPD$b00$c20160525$lBLL01$h0018
=CAT  \\$aBATCH-UPD$b00$c20160824$lBLL01$h1754
=CAT  \\$aIPL-CLA$c20160930$lBLL01$h1603
=CAT  \\$aBATCH-UPD$b00$c20170216$lBLL01$h1843
=CAT  \\$aIPL-CLA$c20170331$lBLL01$h1844
=CAT  \\$aBATCH-UPD$b00$c20170904$lBLL01$h1851
=CAT  \\$aIPL-CLA$c20170929$lBLL01$h1728
=CAT  \\$aBATCH-UPD$b00$c20180223$lBLL01$h1720
=CAT  \\$aIPL-CLA$c20180331$lBLL01$h1619
=CAT  \\$aW1805-0475$c20180520$lBLL01$h1631
=CAT  \\$aBATCH-UPD$b00$c20180524$lBLL01$h1713
=CAT  \\$aIPL-CLA$c20180630$lBLL01$h1916
=CAT  \\$aW1908-0780$b00$c20200730$lBLL01$h1327
=CAT  \\$a15190$b40$c20201021$lBLL01$h1227
=CAT  \\$a5552$b40$c20210810$lBLL01$h1412
=CAT  \\$aIPL-CLA$c20210930$lBLL01$h1528
=CAT  \\$aCDS21$c20220118$lBLL01$h1105
=CAT  \\$aBATCH-UPD$b00$c20221121$lBLL01$h1411
=CAT  \\$a5410$b40$c20221127$lBLL01$h1109
=CAT  \\$aIPL-CLA$c20221231$lBLL01$h1445
=CAT  \\$a11205$b40$c20230808$lBLL01$h1035
=CFI  0\$aCurrent copyright fee: GBP34.95$c22\1$e01-jan-2023$fGBP34.95$g0$hP$5Uk
=CFI  2\$aPrevious copyright fee: GBP43.00$c22\1$e01-oct-2021$fGBP43.00$g0$hP$5Uk
=EST  \\$a1
=FFP  \\$aY$bBLDSS-3PM
=FIN  \\$aY$d20110411
=LKR  \\$aPAR$b012391966$lBLL01$r776$mChirurg (Online)$nChirurg (Print)
=MNI  \\$a0009-4722
=SID  \\$aZ39$bOCLC
=TCO  \\$aDEU$bVG WORT$c008
=TOC  \\$aETOC
=UNO  \\$aY
=ACF  \\$aPrevious copyright fee: GBP16.67$c22\3$e01-jan-2006$fGBP16.67$g0$hP$5Uk
=ACF  \\$aPrevious copyright fee: GBP16.22$c22\3$e01-apr-2005$fGBP16.22$g0$hP$5Uk
=ACF  \\$aPrevious copyright fee: GBP16.67$c22\3$e01-jan-2005$fGBP16.67$g0$hP$5Uk
=ACF  \\$aPrevious copyright fee: GBP17.14$c22\3$e01-apr-2006$fGBP17.14$g0$hP$5Uk
=ACF  \\$aPrevious copyright fee: GBP22.00$c22\3$e12-aug-2012$fGBP22.00$g0$hP$5Uk
=ACF  \\$aPrevious copyright fee: GBP25.00$c22\3$e01-jan-2013$fGBP25.00$g0$hP$5Uk
=ACF  \\$aPrevious copyright fee: GBP25.77$c22\3$e01-jul-2013$fGBP25.77$g0$hP$5Uk
=ACF  \\$aPrevious copyright fee: GBP24.97$c22\3$e01-jan-2014$fGBP24.97$g0$hP$5Uk
=ACF  \\$aPrevious copyright fee: GBP24.21$c22\3$e01-jul-2014$fGBP24.21$g0$hP$5Uk
=ACF  \\$aPrevious copyright fee: GBP25.77$c22\3$e01-apr-2015$fGBP25.77$g0$hP$5Uk
=ACF  \\$aPrevious copyright fee: GBP26.63$c22\3$e01-jul-2015$fGBP26.63$g0$hP$5Uk
=ACF  \\$aPrevious copyright fee: GBP25.77$c22\3$e01-oct-2015$fGBP25.77$g0$hP$5Uk
=ACF  \\$aPrevious copyright fee: GBP27.55$c22\3$e01-apr-2016$fGBP27.55$g0$hP$5Uk
=ACF  \\$aPrevious copyright fee: GBP29.59$c22\3$e01-oct-2016$fGBP29.59$g0$hP$5Uk
=ACF  \\$aPrevious copyright fee: GBP31.96$c22\3$e01-apr-2017$fGBP31.96$g0$hP$5Uk
=ACF  \\$aPrevious copyright fee: GBP30.73$c22\3$e01-oct-2017$fGBP30.73$g0$hP$5Uk
=ACF  \\$aPrevious copyright fee: GBP28.54$c22\3$e01-apr-2018$fGBP28.54$g0$hP$5Uk
=ACF  \\$aPrevious copyright fee: GBP34.00$c22\1$e01-jul-2018$fGBP34.00$g0$hP$5Uk
=LAS  \\$a11205$b40$c20230808$lBLL01$h1035

