=LDR  05669cas a2201237 a 4500
=001  013089585
=003  Uk
=005  20221231144554.0
=006  m\\\\\\\\d\\\\\\\\
=007  cr||||||||||||
=008  990421c19829999gw\qr\pss\\\\\0\\\\0eng\c
=FMT  \\$a  SE
=010  \\$a  2004233555
=016  7\$a101186431$2DNLM
=022  \\$a1432-0975$l0722-4028
=035  \\$a(OCoLC)41222984
=037  \\$a???$bSpringer
=040  \\$aDeU$cDeU$dOCoLC$dDNLM$dOCoLC$dGU$dOCoLC$dCaQMU$dOCoLC$dViRCU$dOCoLC$dUk
=042  \\$aukblsr
=050  14$aQH95.8
=082  04$a578.7789$222
=130  0\$aCoral reefs (Online)
=222  \0$aCoral reefs$b(Internet)
=245  10$aCoral reefs$h[electronic resource].
=260  \\$aBerlin ;$aHeidelberg :$bSpringer
=310  \\$aQuarterly
=336  \\$atext$2rdacontent
=337  \\$acomputer$2rdamedia
=338  \\$aonline resource$2rdacarrier
=362  1\$aPrint began with v. 1, no. 1 (June 1982).
=588  \\$aDescription based on: Vol. 16, no. 1 (Feb. 1997); title from contents screen (Springer LINK, viewed Apr. 13, 2004).
=588  \\$aLatest issue consulted: Vol. 30, no. 1 (Mar. 2011) (viewed Apr. 12, 2011).
=525  \\$aHas occasional supplements.
=538  \\$aMode of access: World Wide Web.
=550  \\$aJournal of the International Society for Reef Studies.
=540  \\$aCurrent copyright fee: GBP29.95$c22\1$5Uk
=650  \0$aCoral reef biology$vPeriodicals.
=650  \0$aCoral reefs and islands$vPeriodicals.
=710  2\$aInternational Society for Reef Studies.
=776  08$iPrint version:$tCoral reefs$x0722-4028
=859  \\$aELD$bejournal
=856  \\$31850-9999$uhttp://www.springer.com/gb/$xBLDSS
=856  40$uhttp://firstsearch.oclc.org$zAddress for accessing the journal using authorization number and password through OCLC FirstSearch Electronic Collections Online
=856  40$uhttp://www.springerlink.com/link.asp?id=100407
=856  40$uhttp://www.springerlink.com/openurl.asp?genre=journal&eissn=1432-0975
=859  \\$aXLD$bejournal
=852  41$aBritish Library$bDSC$j3470.325000$3Volume 19:Issue 4(2001)-Volume 37:Issue 1(2018)***See ESTAR for full holdings.
=852  41$aBritish Library$bHMNTS$jELD Digital store$3Volume 37:Issue 1(2018)-
=945  \\$aCORAL REEFS.
=959  \\$fHeld but not currently received
=979  \\$aBritish Library$bDSC$j3470.325000
=CAT  \\$a7750$b40$c20050122$lBLL01$h1643
=CAT  \\$aBATCH-UPD$b00$c20150520$lBLL01$h1749
=CAT  \\$aIPL-CLA$c20150630$lBLL01$h1646
=CAT  \\$aBATCH-UPD$b00$c20150820$lBLL01$h1837
=CAT  \\$aIPL-CLA$c20150930$lBLL01$h1806
=CAT  \\$aBATCH-UPD$b00$c20160217$lBLL01$h1727
=CAT  \\$aIPL-CLA$c20160331$lBLL01$h1726
=CAT  \\$aBATCH-UPD$b00$c20160518$lBLL01$h1055
=CAT  \\$aBATCH-UPD$b00$c20160524$lBLL01$h2209
=CAT  \\$aBATCH-UPD$b00$c20160824$lBLL01$h1755
=CAT  \\$aIPL-CLA$c20160930$lBLL01$h1603
=CAT  \\$aBATCH-UPD$b00$c20170216$lBLL01$h1843
=CAT  \\$aIPL-CLA$c20170331$lBLL01$h1844
=CAT  \\$aBATCH-UPD$b00$c20170904$lBLL01$h1851
=CAT  \\$aIPL-CLA$c20170929$lBLL01$h1728
=CAT  \\$aBATCH-UPD$b00$c20180223$lBLL01$h1720
=CAT  \\$aIPL-CLA$c20180331$lBLL01$h1619
=CAT  \\$aW1805-0475$c20180520$lBLL01$h1631
=CAT  \\$aBATCH-UPD$b00$c20180524$lBLL01$h1713
=CAT  \\$aIPL-CLA$c20180630$lBLL01$h1916
=CAT  \\$aW1908-0780$b00$c20200730$lBLL01$h1327
=CAT  \\$a15190$b40$c20201015$lBLL01$h1509
=CAT  \\$aCDS21$c20220118$lBLL01$h1105
=CAT  \\$aBATCH-UPD$b00$c20221121$lBLL01$h1400
=CAT  \\$a5410$b40$c20221127$lBLL01$h1111
=CAT  \\$aIPL-CLA$c20221231$lBLL01$h1445
=CFI  0\$aCurrent copyright fee: GBP29.95$c22\1$e01-jan-2023$fGBP29.95$g0$hP$5Uk
=CFI  2\$aPrevious copyright fee: GBP34.00$c22\1$e01-jul-2018$fGBP34.00$g0$hP$5Uk
=EST  \\$a1
=FFP  \\$aY$bBLDSS-3PM
=FIN  \\$aY$d20110412
=LKR  \\$aPAR$b012117513$lBLL01$r776$mCoral reefs (Online)$nCoral reefs (Print)
=MNI  \\$a0722-4028
=SRC  \\$aBLL02
=TCO  \\$aDEU$bVG WORT$c008
=TOC  \\$aETOC
=UNO  \\$aY
=ACF  \\$aPrevious copyright fee: GBP16.67$c22\3$e01-jan-2006$fGBP16.67$g0$hP$5Uk
=ACF  \\$aPrevious copyright fee: GBP16.22$c22\3$e01-apr-2005$fGBP16.22$g0$hP$5Uk
=ACF  \\$aPrevious copyright fee: GBP16.67$c22\3$e01-jan-2005$fGBP16.67$g0$hP$5Uk
=ACF  \\$aPrevious copyright fee: GBP17.14$c22\3$e01-apr-2006$fGBP17.14$g0$hP$5Uk
=ACF  \\$aPrevious copyright fee: GBP22.00$c22\3$e12-aug-2012$fGBP22.00$g0$hP$5Uk
=ACF  \\$aPrevious copyright fee: GBP25.00$c22\3$e01-jan-2013$fGBP25.00$g0$hP$5Uk
=ACF  \\$aPrevious copyright fee: GBP25.77$c22\3$e01-jul-2013$fGBP25.77$g0$hP$5Uk
=ACF  \\$aPrevious copyright fee: GBP24.97$c22\3$e01-jan-2014$fGBP24.97$g0$hP$5Uk
=ACF  \\$aPrevious copyright fee: GBP24.21$c22\3$e01-jul-2014$fGBP24.21$g0$hP$5Uk
=ACF  \\$aPrevious copyright fee: GBP25.77$c22\3$e01-apr-2015$fGBP25.77$g0$hP$5Uk
=ACF  \\$aPrevious copyright fee: GBP26.63$c22\3$e01-jul-2015$fGBP26.63$g0$hP$5Uk
=ACF  \\$aPrevious copyright fee: GBP25.77$c22\3$e01-oct-2015$fGBP25.77$g0$hP$5Uk
=ACF  \\$aPrevious copyright fee: GBP27.55$c22\3$e01-apr-2016$fGBP27.55$g0$hP$5Uk
=ACF  \\$aPrevious copyright fee: GBP29.59$c22\3$e01-oct-2016$fGBP29.59$g0$hP$5Uk
=ACF  \\$aPrevious copyright fee: GBP31.96$c22\3$e01-apr-2017$fGBP31.96$g0$hP$5Uk
=ACF  \\$aPrevious copyright fee: GBP30.73$c22\3$e01-oct-2017$fGBP30.73$g0$hP$5Uk
=ACF  \\$aPrevious copyright fee: GBP28.54$c22\3$e01-apr-2018$fGBP28.54$g0$hP$5Uk
=LAS  \\$aIPL-CLA$b00$c20221231$lBLL01$h1445

