=LDR  06505cas a2201369 a 4500
=001  013089659
=003  Uk
=005  20221231144555.0
=006  m\\\\\\\\d\\\\\\\\
=007  cr\mnu||||||||
=008  000126c19739999gw\br\pso\\\\\0\\\a0eng\c
=FMT  \\$a  SE
=010  \\$a2008233044
=022  0\$a1439-0973$l0300-8126$y0300-8126
=030  \\$aIFTNAL
=035  \\$a(OCoLC)43351129$z(OCoLC)61677386
=037  \\$a???$bSpringer
=040  \\$aOH1$cOH1$dVPI$dOCLCQ$dMUQ$dOCL$dGUA$dQCL$dCLU$dOCLCQ$dUk
=042  \\$aukblsr
=050  14$aRB153
=060  00$aW1$bIN405K
=082  04$a616.9041$223
=130  0\$aInfection (Online)
=222  \0$aInfection$b(München. Internet)
=245  10$aInfection$h[electronic resource].
=260  \\$aMünchen :$bUrban & Vogel
=260  3\$a[S.l.] :$bSpringer Science + Media
=310  \\$aBimonthly
=336  \\$atext$2rdacontent
=337  \\$acomputer$2rdamedia
=338  \\$aonline resource$2rdacarrier
=362  1\$aPrint began in 1973.
=588  \\$aDescription based on: Vol. 25, no. 1 (Jan. 1997); title from contents screen (SpringerLink, viewed Jan. 14, 2008).
=588  \\$aLatest issue consulted: Vol. 39, no. 3 (June 2011) (viewed July 26, 2011).
=515  \\$aSome issues combined.
=525  \\$aSome vols. have supplements.
=538  \\$aMode of access: World Wide Web.
=550  \\$aOfficial publication of the German Society for Infectious Diseases and the Paul Ehrlich Society for Chemotherapy, 1973- ; German Society for Infectious Diseases (DGI), the Italian Society of Infectious and Tropical Diseases (SIMIT), the Paul Ehrlich Society for Chemotherapy (PEG) and the German Sepsis Society (DSG), <2007->.
=540  \\$aCurrent copyright fee: GBP34.95$c22\1$5Uk
=650  \0$aInfection$vPeriodicals.
=650  \0$aMedical microbiology$vPeriodicals.
=710  2\$aDeutsche Gesellschaft für Infektiologie.
=710  2\$aPaul-Ehrlich-Gesellschaft.
=710  2\$aDeutsche Sepsis-Gesellschaft.
=710  2\$aSocietà italiana di malattie infettive e tropicali.
=776  08$iPrint version:$tInfection$x0300-8126
=859  \\$aELD$bejournal
=856  \\$31850-9999$uhttp://www.springer.com/gb/$xBLDSS
=856  4\$uhttp://rave.ohiolink.edu/ejournals/issn/03008126/$zConnect to Infection
=856  40$uhttp://www.springerlink.com/content/0300-8126/
=856  40$uhttp://www.springerlink.com/content/103905/
=859  \\$aXLD$bejournal
=852  41$aBritish Library$bDSC$j4478.710000$3Volume 25:Issue 5(1997)-Volume 46:Issue 1(2018)***See ESTAR for full holdings.
=852  41$aBritish Library$bHMNTS$jELD Digital store$3Volume 46:Issue 1(2018)-
=945  \\$aInfection
=959  \\$fHeld but not currently received
=979  \\$aBritish Library$bDSC$j4478.710000
=CAT  \\$a10902$b40$c20050123$lBLL01$h1043
=CAT  \\$aBATCH-UPD$b00$c20150820$lBLL01$h1856
=CAT  \\$aIPL-CLA$c20150930$lBLL01$h1806
=CAT  \\$aBATCH-UPD$b00$c20160217$lBLL01$h1749
=CAT  \\$aIPL-CLA$c20160331$lBLL01$h1726
=CAT  \\$aBATCH-UPD$b00$c20160524$lBLL01$h2209
=CAT  \\$aBATCH-UPD$b00$c20160525$lBLL01$h0018
=CAT  \\$aBATCH-UPD$b00$c20160824$lBLL01$h1817
=CAT  \\$aIPL-CLA$c20160930$lBLL01$h1603
=CAT  \\$aBATCH-UPD$b00$c20170216$lBLL01$h1906
=CAT  \\$aIPL-CLA$c20170331$lBLL01$h1844
=CAT  \\$aBATCH-UPD$b00$c20170904$lBLL01$h1917
=CAT  \\$aIPL-CLA$c20170929$lBLL01$h1728
=CAT  \\$aBATCH-UPD$b00$c20180223$lBLL01$h1749
=CAT  \\$aIPL-CLA$c20180331$lBLL01$h1619
=CAT  \\$aW1805-0475$c20180520$lBLL01$h1631
=CAT  \\$aBATCH-UPD$b00$c20180524$lBLL01$h1734
=CAT  \\$aIPL-CLA$c20180630$lBLL01$h1916
=CAT  \\$aW1908-0780$b00$c20200730$lBLL01$h1327
=CAT  \\$a15190$b40$c20201127$lBLL01$h1236
=CAT  \\$a5552$b40$c20210813$lBLL01$h1137
=CAT  \\$aIPL-CLA$c20210930$lBLL01$h1528
=CAT  \\$aCDS21$c20220118$lBLL01$h1105
=CAT  \\$aBATCH-UPD$b00$c20221121$lBLL01$h1411
=CAT  \\$a5410$b40$c20221203$lBLL01$h1028
=CAT  \\$aIPL-CLA$c20221231$lBLL01$h1445
=CFI  0\$aCurrent copyright fee: GBP34.95$c22\1$e01-jan-2023$fGBP34.95$g0$hP$5Uk
=CFI  2\$aPrevious copyright fee: GBP43.00$c22\1$e01-oct-2021$fGBP43.00$g0$hP$5Uk
=EST  \\$a1
=FFP  \\$aY$bBLDSS-3PM
=FIN  \\$aY$d20110726
=LKR  \\$aPAR$b009850465$lBLL01$r776$mInfection (Online)$nInfection (Print)
=MNI  \\$a0300-8126
=SID  \\$aZ39$bOCLC
=TCO  \\$aDEU$bVG WORT$c008
=TOC  \\$aETOC
=UNO  \\$aY
=ACF  \\$aPrevious copyright fee: GBP21.25$c23\8$e01-jan-2009$fGBP21.25$g0$hP$5Uk
=ACF  \\$aPrevious copyright fee: GBP16.75$c23\8$e01-jan-2007$fGBP16.75$g0$hP$5Uk
=ACF  \\$aPrevious copyright fee: GBP16.22$c23\8$e01-oct-2006$fGBP16.22$g0$hP$5Uk
=ACF  \\$aPrevious copyright fee: GBP17.14$c23\8$e01-apr-2006$fGBP17.14$g0$hP$5Uk
=ACF  \\$aPrevious copyright fee: GBP16.67$c23\8$e01-jan-2006$fGBP16.67$g0$hP$5Uk
=ACF  \\$aPrevious copyright fee: GBP16.22$c23\8$e01-apr-2005$fGBP16.22$g0$hP$5Uk
=ACF  \\$aPrevious copyright fee: GBP16.67$c23\8$e01-jan-2005$fGBP16.67$g0$hP$5Uk
=ACF  \\$aPrevious copyright fee: GBP22.00$c23\8$e01-apr-2009$fGBP22.00$g0$hP$5Uk
=ACF  \\$aPrevious copyright fee: GBP22.00$c23\8$e12-aug-2012$fGBP22.00$g0$hP$5Uk
=ACF  \\$aPrevious copyright fee: GBP25.00$c23\8$e01-jan-2013$fGBP25.00$g0$hP$5Uk
=ACF  \\$aPrevious copyright fee: GBP25.77$c23\8$e01-jul-2013$fGBP25.77$g0$hP$5Uk
=ACF  \\$aPrevious copyright fee: GBP24.97$c23\8$e01-jan-2014$fGBP24.97$g0$hP$5Uk
=ACF  \\$aPrevious copyright fee: GBP24.21$c23\8$e01-jul-2014$fGBP24.21$g0$hP$5Uk
=ACF  \\$aPrevious copyright fee: GBP25.77$c23\8$e01-apr-2015$fGBP25.77$g0$hP$5Uk
=ACF  \\$aPrevious copyright fee: GBP26.63$c23\8$e01-jul-2015$fGBP26.63$g0$hP$5Uk
=ACF  \\$aPrevious copyright fee: GBP25.77$c23\8$e01-oct-2015$fGBP25.77$g0$hP$5Uk
=ACF  \\$aPrevious copyright fee: GBP27.55$c23\8$e01-apr-2016$fGBP27.55$g0$hP$5Uk
=ACF  \\$aPrevious copyright fee: GBP29.59$c23\8$e01-oct-2016$fGBP29.59$g0$hP$5Uk
=ACF  \\$aPrevious copyright fee: GBP31.96$c23\8$e01-apr-2017$fGBP31.96$g0$hP$5Uk
=ACF  \\$aPrevious copyright fee: GBP30.73$c23\8$e01-oct-2017$fGBP30.73$g0$hP$5Uk
=ACF  \\$aPrevious copyright fee: GBP28.54$c23\8$e01-apr-2018$fGBP28.54$g0$hP$5Uk
=ACF  \\$aPrevious copyright fee: GBP34.00$c22\1$e01-jul-2018$fGBP34.00$g0$hP$5Uk
=LAS  \\$aIPL-CLA$b00$c20221231$lBLL01$h1445

