=LDR  06644cas a2201297 a 4500
=001  013089668
=003  Uk
=005  20221231144555.0
=006  m\\\\\\\\d\\\\\\\\
=007  cr\cnu||||||||
=008  000214c19759999gw\mx\pso\\\\\0\\\a0eng\c
=FMT  \\$a  SE
=010  \\$a2001229196
=022  0\$a1432-1246$l0340-0131$y0340-0131
=035  \\$a(OCoLC)43450767
=037  \\$a???$bSpringer
=040  \\$aGAT$cGAT$dWSU$dFUG$dOCLCQ$dMUQ$dOCL$dMYG$dOCLCQ$dUk
=041  0\$aeng$afre$ager
=042  \\$aukblsr
=050  \4$aRC963$b.I58
=082  04$a613.62$223
=130  0\$aInternational archives of occupational and environmental health (Online)
=222  \0$aInternational archives of occupational and environmental health$b(Internet)
=245  10$aInternational archives of occupational and environmental health$h[electronic resource].
=246  30$aOccupational and environmental health
=260  \\$aBerlin :$bSpringer-Verlag
=310  \\$aEight issues yearly,$b2001-
=321  \\$aFrequency varies,$b1987-2000
=321  \\$aQuarterly,$b1975-1986
=336  \\$atext$2rdacontent
=337  \\$acomputer$2rdamedia
=338  \\$aonline resource$2rdacarrier
=362  1\$aBegan with v. 35, no. 1 (Mar. 1975).
=580  \\$aAlso includes issues of earlier titles: Internationales Archiv für Arbeitsmedizin, Internationales Archiv für Gewerbepathologie und Gewerbehygiene, and: Archiv für Gewerbepathologie und Gewerbehygiene.
=588  \\$aDescription based on: Vol. 35, no. 1 (Mar. 1975); title from journal contents page (SpringerLink, viewed Nov. 12, 2009).
=525  \\$aSupplements accompany some issues.
=546  \\$aEnglish, French, or German with summaries in English.
=588  \\$aLatest issue consulted: Vol. 84, no. 6 (Aug. 2011) (SpringerLink, viewed Aug. 30, 2011).
=540  \\$aCurrent copyright fee: GBP29.95$c22\1$5Uk
=650  \0$aMedicine, Industrial$vPeriodicals.
=650  \0$aEnvironmental health$vPeriodicals.
=776  1\$tInternational archives of occupational and environmental health$x0340-0131
=780  00$tInternationales Archiv für Arbeitsmedizin
=859  \\$aELD$bejournal
=856  \\$31850-9999$uhttp://www.springer.com/gb/$xBLDSS
=856  40$uhttp://link.springer-ny.com/link/service/journals/00420/index.htm
=856  40$uhttp://www.springerlink.com/content/1432-1246$zIncludes issues of earlier titles: Internationales Archiv für Arbeitsmedizin, Internationales Archiv für Gewerbepathologie und Gewerbehygiene, and: Archiv für Gewerbepathologie und Gewerbehygiene
=859  \\$aXLD$bejournal
=852  41$aBritish Library$bDSC$j4536.128000$3Volume 74:Issue 6(2001)-Volume 91:Issue 3(2018)***See ESTAR for full holdings.
=852  41$aBritish Library$bHMNTS$jELD Digital store$3Volume 91:Issue 3(2018)-
=945  \\$aInternational archives of occupational and environmental health
=959  \\$fHeld but not currently received
=979  \\$aBritish Library$bDSC$j4536.128000
=CAT  \\$a6524$b40$c20050123$lBLL01$h1100
=CAT  \\$aBATCH-UPD$b00$c20150520$lBLL01$h1750
=CAT  \\$aIPL-CLA$c20150630$lBLL01$h1646
=CAT  \\$aBATCH-UPD$b00$c20150820$lBLL01$h1837
=CAT  \\$aIPL-CLA$c20150930$lBLL01$h1806
=CAT  \\$aBATCH-UPD$b00$c20160217$lBLL01$h1727
=CAT  \\$aIPL-CLA$c20160331$lBLL01$h1726
=CAT  \\$aBATCH-UPD$b00$c20160523$lBLL01$h1117
=CAT  \\$aBATCH-UPD$b00$c20160524$lBLL01$h2210
=CAT  \\$aBATCH-UPD$b00$c20160824$lBLL01$h1755
=CAT  \\$aIPL-CLA$c20160930$lBLL01$h1603
=CAT  \\$aBATCH-UPD$b00$c20170216$lBLL01$h1843
=CAT  \\$aIPL-CLA$c20170331$lBLL01$h1844
=CAT  \\$aBATCH-UPD$b00$c20170904$lBLL01$h1851
=CAT  \\$aIPL-CLA$c20170929$lBLL01$h1728
=CAT  \\$aBATCH-UPD$b00$c20180223$lBLL01$h1720
=CAT  \\$aIPL-CLA$c20180331$lBLL01$h1620
=CAT  \\$aW1805-0475$c20180520$lBLL01$h1631
=CAT  \\$aBATCH-UPD$b00$c20180524$lBLL01$h1713
=CAT  \\$aIPL-CLA$c20180630$lBLL01$h1916
=CAT  \\$aW1908-0780$b00$c20200730$lBLL01$h1327
=CAT  \\$a15190$b40$c20201130$lBLL01$h0937
=CAT  \\$aCDS21$c20220118$lBLL01$h1105
=CAT  \\$aBATCH-UPD$b00$c20221121$lBLL01$h1400
=CAT  \\$a5410$b40$c20221203$lBLL01$h1034
=CAT  \\$aIPL-CLA$c20221231$lBLL01$h1445
=CFI  0\$aCurrent copyright fee: GBP29.95$c22\1$e01-jan-2023$fGBP29.95$g0$hP$5Uk
=CFI  2\$aPrevious copyright fee: GBP34.00$c22\1$e01-jul-2018$fGBP34.00$g0$hP$5Uk
=EST  \\$a1
=FFP  \\$aY$bBLDSS-3PM
=FIN  \\$aY$d20110830
=LKR  \\$aPAR$b009855450$lBLL01$r776$mInternational archives of occupational and environmental health (Online)$nInternational archives of occupational and environmental health (Print)
=MNI  \\$a0340-0131
=SID  \\$aZ39$bOCLC
=TCO  \\$aDEU$bVG WORT$c008
=TOC  \\$aETOC
=UNO  \\$aY
=ACF  \\$aPrevious copyright fee: GBP21.25$c22\3$e01-jan-2009$fGBP21.25$g0$hP$5Uk
=ACF  \\$aPrevious copyright fee: GBP16.75$c22\3$e17-aug-2007$fGBP16.75$g0$hP$5Uk
=ACF  \\$aCurrent copyright fee: GBP17.14$c22\3$e01-apr-2006$fGBP17.14$g0$hP$5Uk
=ACF  \\$aPrevious copyright fee: GBP16.67$c22\3$e01-jan-2006$fGBP16.67$g0$hP$5Uk
=ACF  \\$aPrevious copyright fee: GBP16.22$c22\3$e01-apr-2005$fGBP16.22$g0$hP$5Uk
=ACF  \\$aPrevious copyright fee: GBP16.67$c22\3$e01-jan-2005$fGBP16.67$g0$hP$5Uk
=ACF  \\$aPrevious copyright fee: GBP22.00$c22\3$e01-apr-2009$fGBP22.00$g0$hP$5Uk
=ACF  \\$aPrevious copyright fee: GBP22.00$c22\3$e12-aug-2012$fGBP22.00$g0$hP$5Uk
=ACF  \\$aPrevious copyright fee: GBP25.00$c22\3$e01-jan-2013$fGBP25.00$g0$hP$5Uk
=ACF  \\$aPrevious copyright fee: GBP25.77$c22\3$e01-jul-2013$fGBP25.77$g0$hP$5Uk
=ACF  \\$aPrevious copyright fee: GBP24.97$c22\3$e01-jan-2014$fGBP24.97$g0$hP$5Uk
=ACF  \\$aPrevious copyright fee: GBP24.21$c22\3$e01-jul-2014$fGBP24.21$g0$hP$5Uk
=ACF  \\$aPrevious copyright fee: GBP25.77$c22\3$e01-apr-2015$fGBP25.77$g0$hP$5Uk
=ACF  \\$aPrevious copyright fee: GBP26.63$c22\3$e01-jul-2015$fGBP26.63$g0$hP$5Uk
=ACF  \\$aPrevious copyright fee: GBP25.77$c22\3$e01-oct-2015$fGBP25.77$g0$hP$5Uk
=ACF  \\$aPrevious copyright fee: GBP27.55$c22\3$e01-apr-2016$fGBP27.55$g0$hP$5Uk
=ACF  \\$aPrevious copyright fee: GBP29.59$c22\3$e01-oct-2016$fGBP29.59$g0$hP$5Uk
=ACF  \\$aPrevious copyright fee: GBP31.96$c22\3$e01-apr-2017$fGBP31.96$g0$hP$5Uk
=ACF  \\$aPrevious copyright fee: GBP30.73$c22\3$e01-oct-2017$fGBP30.73$g0$hP$5Uk
=ACF  \\$aPrevious copyright fee: GBP28.54$c22\3$e01-apr-2018$fGBP28.54$g0$hP$5Uk
=LAS  \\$aIPL-CLA$b00$c20221231$lBLL01$h1445

