=LDR  06132cas a2201225 a 4500
=001  013089682
=003  Uk
=005  20221231144555.0
=006  m\\\\\\\\d\\\\\\\\
=007  cr\cnu||||||||
=008  991222c19909999gw\br\pso\\\\\0\\\a0eng\c
=FMT  \\$a  SE
=010  \\$a00227051
=022  0\$a1437-1596$l0937-9827$y1427-1596
=035  \\$a(OCoLC)43076443
=037  \\$a???$bSpringer
=040  \\$aVPI$cVPI$dEYM$dOCLCQ$dMUQ$dOCL$dMYG$dOCLCQ$dDLC$dUk
=042  \\$aukblsr
=050  \4$aRA1001$b.I57
=082  04$a614.1$223
=130  0\$aInternational journal of legal medicine (Online)
=222  \0$aInternational journal of legal medicine$b(Internet)
=245  10$aInternational journal of legal medicine$h[electronic resource] :$bofficial publication of the International Academy of Legal Medicine.
=246  30$aLegal medicine
=260  \\$aHeidelberg :$bSpringer
=310  \\$aSix issues yearly
=336  \\$atext$2rdacontent
=337  \\$acomputer$2rdamedia
=338  \\$aonline resource$2rdacarrier
=362  1\$aBegan with v. 104, no. 1 (Jan. 1990).
=580  \\$aIncludes issues of earlier titles: Zeitschrift für Rechtsmedizin, and: Deutsche Zeitschrift für die gesamte gerichtliche Medizin.
=588  \\$aDescription based on: Vol. 104, no. 1 (Jan. 1990); title from journal contents page (SpringerLink, viewed Nov. 12, 2009).
=538  \\$aMode of access: World Wide Web.
=588  \\$aLatest issue consulted: Vol. 125, no. 5 (Sept. 2011) (SpringerLink, viewed Aug. 30, 2011).
=540  \\$aCurrent copyright fee: GBP29.95$c22\1$5Uk
=650  \0$aMedical jurisprudence$vPeriodicals.
=710  2\$aInternational Academy of Legal Medicine.
=776  08$iPrint version:$tInternational journal of legal medicine$x0937-9827
=780  10$tZeitschrift für Rechtsmedizin
=859  \\$aELD$bejournal
=856  \\$31850-9999$uhttp://www.springer.com/gb/$xBLDSS
=856  40$uhttp://link.springer-ny.com/link/service/journals/00414/index.htm
=856  40$uhttp://www.springerlink.com/content/0937-9827/$zIncludes issues of earlier titles: Zeitschrift für Rechtsmedizin, and: Deutsche Zeitschrift für die gesamte gerichtliche Medizin
=856  40$uhttp://www.springerlink.com/content/1437-1596$zIncludes issues of earlier titles: Zeitschrift für Rechtsmedizin, and: Deutsche Zeitschrift für die gesamte gerichtliche Medizin
=859  \\$aXLD$bejournal
=852  41$aBritish Library$bDSC$j4542.315500$3Volume 116:Issue 4(2002)-Volume 132:Issue 2(2018)***See ESTAR for full holdings.
=852  41$aBritish Library$bHMNTS$jELD Digital store$3Volume 132:Issue 1(2018)-
=945  \\$aInternational journal of legal medicine
=959  \\$fHeld but not currently received
=979  \\$aBritish Library$bDSC$j4542.315500
=CAT  \\$a7750$b40$c20050123$lBLL01$h1144
=CAT  \\$aBATCH-UPD$b00$c20150520$lBLL01$h1750
=CAT  \\$aIPL-CLA$c20150630$lBLL01$h1646
=CAT  \\$aBATCH-UPD$b00$c20150820$lBLL01$h1837
=CAT  \\$aIPL-CLA$c20150930$lBLL01$h1806
=CAT  \\$aBATCH-UPD$b00$c20160217$lBLL01$h1727
=CAT  \\$aIPL-CLA$c20160331$lBLL01$h1726
=CAT  \\$aBATCH-UPD$b00$c20160524$lBLL01$h2210
=CAT  \\$aBATCH-UPD$b00$c20160525$lBLL01$h0018
=CAT  \\$aBATCH-UPD$b00$c20160824$lBLL01$h1755
=CAT  \\$aIPL-CLA$c20160930$lBLL01$h1603
=CAT  \\$aBATCH-UPD$b00$c20170216$lBLL01$h1843
=CAT  \\$aIPL-CLA$c20170331$lBLL01$h1844
=CAT  \\$aBATCH-UPD$b00$c20170904$lBLL01$h1851
=CAT  \\$aIPL-CLA$c20170929$lBLL01$h1728
=CAT  \\$aBATCH-UPD$b00$c20180223$lBLL01$h1720
=CAT  \\$aIPL-CLA$c20180331$lBLL01$h1620
=CAT  \\$aW1805-0475$c20180520$lBLL01$h1631
=CAT  \\$aBATCH-UPD$b00$c20180524$lBLL01$h1713
=CAT  \\$aIPL-CLA$c20180630$lBLL01$h1916
=CAT  \\$aW1908-0780$b00$c20200730$lBLL01$h1327
=CAT  \\$a15190$b40$c20201210$lBLL01$h1125
=CAT  \\$aCDS21$c20220118$lBLL01$h1105
=CAT  \\$aBATCH-UPD$b00$c20221121$lBLL01$h1400
=CAT  \\$a5410$b40$c20221203$lBLL01$h1048
=CAT  \\$aIPL-CLA$c20221231$lBLL01$h1445
=CFI  0\$aCurrent copyright fee: GBP29.95$c22\1$e01-jan-2023$fGBP29.95$g0$hP$5Uk
=CFI  2\$aPrevious copyright fee: GBP34.00$c22\1$e01-jul-2018$fGBP34.00$g0$hP$5Uk
=EST  \\$a1
=FFP  \\$aY$bBLDSS-3PM
=FIN  \\$aY$d20110830
=LKR  \\$aPAR$b009858582$lBLL01$r776$mInternational journal of legal medicine (Online)$nInternational journal of legal medicine (Print)
=MNI  \\$a0937-9827
=SID  \\$aZ39$bOCLC
=TCO  \\$aDEU$bVG WORT$c008
=TOC  \\$aETOC
=UNO  \\$aY
=ACF  \\$aPrevious copyright fee: GBP16.67$c22\3$e01-jan-2006$fGBP16.67$g0$hP$5Uk
=ACF  \\$aPrevious copyright fee: GBP16.22$c22\3$e01-apr-2005$fGBP16.22$g0$hP$5Uk
=ACF  \\$aPrevious copyright fee: GBP16.67$c22\3$e01-jan-2005$fGBP16.67$g0$hP$5Uk
=ACF  \\$aPrevious copyright fee: GBP17.14$c22\3$e01-apr-2006$fGBP17.14$g0$hP$5Uk
=ACF  \\$aPrevious copyright fee: GBP22.00$c22\3$e12-aug-2012$fGBP22.00$g0$hP$5Uk
=ACF  \\$aPrevious copyright fee: GBP25.00$c22\3$e01-jan-2013$fGBP25.00$g0$hP$5Uk
=ACF  \\$aPrevious copyright fee: GBP25.77$c22\3$e01-jul-2013$fGBP25.77$g0$hP$5Uk
=ACF  \\$aPrevious copyright fee: GBP24.97$c22\3$e01-jan-2014$fGBP24.97$g0$hP$5Uk
=ACF  \\$aPrevious copyright fee: GBP24.21$c22\3$e01-jul-2014$fGBP24.21$g0$hP$5Uk
=ACF  \\$aPrevious copyright fee: GBP25.77$c22\3$e01-apr-2015$fGBP25.77$g0$hP$5Uk
=ACF  \\$aPrevious copyright fee: GBP26.63$c22\3$e01-jul-2015$fGBP26.63$g0$hP$5Uk
=ACF  \\$aPrevious copyright fee: GBP25.77$c22\3$e01-oct-2015$fGBP25.77$g0$hP$5Uk
=ACF  \\$aPrevious copyright fee: GBP27.55$c22\3$e01-apr-2016$fGBP27.55$g0$hP$5Uk
=ACF  \\$aPrevious copyright fee: GBP29.59$c22\3$e01-oct-2016$fGBP29.59$g0$hP$5Uk
=ACF  \\$aPrevious copyright fee: GBP31.96$c22\3$e01-apr-2017$fGBP31.96$g0$hP$5Uk
=ACF  \\$aPrevious copyright fee: GBP30.73$c22\3$e01-oct-2017$fGBP30.73$g0$hP$5Uk
=ACF  \\$aPrevious copyright fee: GBP28.54$c22\3$e01-apr-2018$fGBP28.54$g0$hP$5Uk
=LAS  \\$aIPL-CLA$b00$c20221231$lBLL01$h1445

