=LDR  06009cas a2201261 a 4500
=001  013089700
=003  Uk
=005  20230421202957.0
=006  m\\\\\\\\d\\\\\\\\
=007  cr\cn\||||||||
=008  000117c19959999ne\mr\pso\\\\\0\\\a0eng\c
=FMT  \\$a  SE
=010  \\$a2006242021
=022  0\$a1432-1440$l0946-2716$y0946-2716
=035  \\$a(OCoLC)43299967$z(OCoLC)44363759
=037  \\$aELD$bSpringer
=040  \\$aVPI$cVPI$dEYM$dOCLCQ$dMYG$dOCLCQ$dOCL$dPFM$dOCLCQ$dUk
=042  \\$aukblsr
=050  \4$aR51$b.K55
=082  04$a611.01816$223
=130  0\$aJournal of molecular medicine (Berlin, Germany : Online)
=222  \0$aJournal of molecular medicine$b(Berlin. Internet)
=245  10$aJournal of molecular medicine$h[electronic resource].
=260  \\$a[Dordrecht, Netherlands] :$bSpringer Netherlands
=310  \\$aMonthly
=336  \\$atext$2rdacontent
=337  \\$acomputer$2rdamedia
=338  \\$aonline resource$2rdacarrier
=362  1\$aPrint began with vol. 73, no. 1 (Jan. 95).
=580  \\$aIncludes issues of earlier titles: The Clinical Investigator, and: Klinische Wochenschrift.
=588  \\$aDescription based on: Vol. 75, no. 1 (Jan. 1997) (SpringerLink, viewed Apr. 13, 2006).
=588  \\$aLatest issue consulted: Vol. 89, no. 9 (Sept. 2011) (SpringerLink, viewed Sept. 6, 2011).
=510  2\$aChemical abstracts,$x0009-2258,$b1995-
=530  \\$aAlso issued in print.
=538  \\$aMode of access: World Wide Web.
=540  \\$aCurrent copyright fee: GBP34.95$c22\1$5Uk
=650  \0$aMedicine$vPeriodicals.
=650  \0$aPathology, Molecular$vPeriodicals.
=776  1\$tJournal of molecular medicine (Berlin, Germany)$x0946-2716
=780  00$tClinical investigator$c(Online)
=859  \\$aELD$bejournal
=856  \\$31850-9999$uhttp://www.springer.com/gb/$xBLDSS
=856  40$uhttp://link.springer-ny.com/link/service/journals/00109/index.htm
=856  40$uhttp://www.springerlink.com/content/0946-2716/$zIncludes issues of earlier titles: The Clinical Investigator, and: Klinische Wochenschrift
=859  \\$aXLD$bejournal
=852  41$aBritish Library$bDSC$j5020.716000$3Volume 75:Issue 9(1997)-Volume 96:Issue 3/4(2018)***See ESTAR for full holdings.
=852  41$aBritish Library$bHMNTS$jELD Digital store$3Volume 96:Issue 1(2018)-
=945  \\$aJOURNAL OF MOLECULAR MEDICINE -BERLIN- SPRINGER VERLAG-.
=959  \\$fHeld but not currently received
=979  \\$aBritish Library$bDSC$j5020.716000
=CAT  \\$a10902$b40$c20050123$lBLL01$h1257
=CAT  \\$aBATCH-UPD$b00$c20150820$lBLL01$h1837
=CAT  \\$aIPL-CLA$c20150930$lBLL01$h1806
=CAT  \\$aBATCH-UPD$b00$c20160217$lBLL01$h1727
=CAT  \\$aIPL-CLA$c20160331$lBLL01$h1726
=CAT  \\$aBATCH-UPD$b00$c20160524$lBLL01$h2210
=CAT  \\$aBATCH-UPD$b00$c20160525$lBLL01$h0019
=CAT  \\$aBATCH-UPD$b00$c20160824$lBLL01$h1755
=CAT  \\$aIPL-CLA$c20160930$lBLL01$h1603
=CAT  \\$aBATCH-UPD$b00$c20170216$lBLL01$h1843
=CAT  \\$aIPL-CLA$c20170331$lBLL01$h1844
=CAT  \\$aBATCH-UPD$b00$c20170904$lBLL01$h1851
=CAT  \\$aIPL-CLA$c20170929$lBLL01$h1728
=CAT  \\$aBATCH-UPD$b00$c20180223$lBLL01$h1720
=CAT  \\$aIPL-CLA$c20180331$lBLL01$h1620
=CAT  \\$aW1805-0475$c20180520$lBLL01$h1631
=CAT  \\$aBATCH-UPD$b00$c20180524$lBLL01$h1713
=CAT  \\$aIPL-CLA$c20180630$lBLL01$h1916
=CAT  \\$aW1908-0780$b00$c20200730$lBLL01$h1327
=CAT  \\$a15190$b40$c20210223$lBLL01$h1445
=CAT  \\$a5552$b40$c20210818$lBLL01$h1201
=CAT  \\$aIPL-CLA$c20210930$lBLL01$h1528
=CAT  \\$aCDS21$c20220118$lBLL01$h1105
=CAT  \\$aBATCH-UPD$b00$c20221121$lBLL01$h1411
=CAT  \\$aIPL-CLA$c20221231$lBLL01$h1445
=CAT  \\$a5410$b40$c20230421$lBLL01$h2029
=CFI  0\$aCurrent copyright fee: GBP34.95$c22\1$e01-jan-2023$fGBP34.95$g0$hP$5Uk
=CFI  2\$aPrevious copyright fee: GBP43.00$c22\1$e01-oct-2021$fGBP43.00$g0$hP$5Uk
=EST  \\$a1
=FFP  \\$aY$bBLDSS-3PM
=FIN  \\$aY$d20110906
=LKR  \\$aPAR$b010490907$lBLL01$r776$mJournal of molecular medicine (Online)$nJournal of molecular medicine (Print)
=MNI  \\$a0946-2716
=SID  \\$aZ39$bOCLC
=TCO  \\$aZZZ$c008
=TCO  \\$aDEU$bVG WORT$c008
=TOC  \\$aETOC
=UNO  \\$aY
=ACF  \\$aPrevious copyright fee: GBP17.14$c22\3$e01-apr-2006$fGBP17.14$g0$hP$5Uk
=ACF  \\$aPrevious copyright fee: GBP16.67$c22\3$e01-jan-2006$fGBP16.67$g0$hP$5Uk
=ACF  \\$aPrevious copyright fee: GBP16.22$c22\3$e01-apr-2005$fGBP16.22$g0$hP$5Uk
=ACF  \\$aPrevious copyright fee: GBP16.67$c22\3$e01-jan-2005$fGBP16.67$g0$hP$5Uk
=ACF  \\$aPrevious copyright fee: GBP22.00$c22\3$e10-jun-2011$fGBP22.00$g0$hP$5Uk
=ACF  \\$aPrevious copyright fee: GBP22.00$c22\3$e12-aug-2012$fGBP22.00$g0$hP$5Uk
=ACF  \\$aPrevious copyright fee: GBP25.00$c22\3$e01-jan-2013$fGBP25.00$g0$hP$5Uk
=ACF  \\$aPrevious copyright fee: GBP25.77$c22\3$e01-jul-2013$fGBP25.77$g0$hP$5Uk
=ACF  \\$aPrevious copyright fee: GBP24.97$c22\3$e01-jan-2014$fGBP24.97$g0$hP$5Uk
=ACF  \\$aPrevious copyright fee: GBP24.21$c22\3$e01-jul-2014$fGBP24.21$g0$hP$5Uk
=ACF  \\$aPrevious copyright fee: GBP25.77$c22\3$e01-apr-2015$fGBP25.77$g0$hP$5Uk
=ACF  \\$aPrevious copyright fee: GBP26.63$c22\3$e01-jul-2015$fGBP26.63$g0$hP$5Uk
=ACF  \\$aPrevious copyright fee: GBP25.77$c22\3$e01-oct-2015$fGBP25.77$g0$hP$5Uk
=ACF  \\$aPrevious copyright fee: GBP27.55$c22\3$e01-apr-2016$fGBP27.55$g0$hP$5Uk
=ACF  \\$aPrevious copyright fee: GBP29.59$c22\3$e01-oct-2016$fGBP29.59$g0$hP$5Uk
=ACF  \\$aPrevious copyright fee: GBP31.96$c22\3$e01-apr-2017$fGBP31.96$g0$hP$5Uk
=ACF  \\$aPrevious copyright fee: GBP30.73$c22\3$e01-oct-2017$fGBP30.73$g0$hP$5Uk
=ACF  \\$aPrevious copyright fee: GBP28.54$c22\3$e01-apr-2018$fGBP28.54$g0$hP$5Uk
=ACF  \\$aPrevious copyright fee: GBP34.00$c22\1$e01-jul-2018$fGBP34.00$g0$hP$5Uk
=LAS  \\$a5410$b40$c20230421$lBLL01$h2029

