=LDR  05706cas a2201237 a 4500
=001  013089732
=003  Uk
=005  20221231144556.0
=006  m\\\\\\\\d\\\\\\\\
=007  cr\cn|||||||||
=008  030516c19999999ja\fr\pss\\\\\0\\\a0eng\c
=FMT  \\$a  SE
=010  \\$a2004700260
=022  \\$a1611-8227$y1438-4957
=035  \\$a(OCoLC)52262345
=037  \\$a???$bSpringer
=040  \\$aOUN$cOUN$dOCLCQ$dTWT$dOCLCQ$dTJC$dOCL$dOCLCQ$dUk
=042  \\$aukblsr
=050  14$aTD785
=082  04$a628.445$223
=130  0\$aJournal of material cycles and waste management (Online)
=222  \0$aJournal of material cycles and waste management$b(Internet)
=245  10$aJournal of material cycles and waste management$h[electronic resource].
=260  \\$aTokyo :$bSpringer
=260  3\$a[Tokyo] :$bSpringer Japan
=310  \\$aSemiannual
=336  \\$atext$2rdacontent
=337  \\$acomputer$2rdamedia
=338  \\$aonline resource$2rdacarrier
=362  0\$aVol. 1, no. 1 (Apr. 1999)-
=500  \\$aTitle from issue contents screen (publisher Web site, viewed May 26, 2004).
=500  \\$aLatest issue consulted: Vol. 6, no. 1 (Mar. 2004) (viewed May 26, 2004).
=550  \\$aAn official publication of the Japan Society of Waste Management Experts.
=540  \\$aCurrent copyright fee: GBP29.95$c22\1$5Uk
=650  \0$aRefuse and refuse disposal$vPeriodicals.
=650  \0$aSalvage (Waste, etc.)$vPeriodicals.
=650  \0$aHazardous wastes$vPeriodicals.
=650  \0$aRecycling (Waste, etc.)$vPeriodicals.
=710  2\$aHaikibutsu Gakkai.
=776  08$iAlso issued in print:$tJournal of material cycles and waste management$x1438-4957
=859  \\$aELD$bejournal
=856  \\$31850-9999$uhttp://www.springer.com/gb/$xBLDSS
=856  40$uhttp://firstsearch.oclc.org$zAddress for accessing the journal using authorization number and password through OCLC FirstSearch Electronic Collections Online
=856  40$uhttp://link.springer.de/link/service/journals/10163/
=856  40$uhttp://www.springerlink.com/content/p4x7mv58g437
=859  \\$aXLD$bejournal
=852  41$aBritish Library$bDSC$j5012.197000$3Volume 7:Number 1(2005)-Volume 20:Issue 1(2018)***See ESTAR for full holdings.
=852  41$aBritish Library$bHMNTS$jELD Digital store$3Volume 20:Issue 2(2018)-
=945  \\$aJOURNAL OF MATERIAL CYCLES AND WASTE MANAGEMENT
=959  \\$fHeld but not currently received
=979  \\$aBritish Library$bDSC$j5012.197000
=CAT  \\$a7750$b40$c20050123$lBLL01$h1420
=CAT  \\$aBATCH-UPD$b00$c20150520$lBLL01$h1750
=CAT  \\$aIPL-CLA$c20150630$lBLL01$h1646
=CAT  \\$aBATCH-UPD$b00$c20150820$lBLL01$h1837
=CAT  \\$aIPL-CLA$c20150930$lBLL01$h1806
=CAT  \\$aBATCH-UPD$b00$c20160217$lBLL01$h1727
=CAT  \\$aIPL-CLA$c20160331$lBLL01$h1726
=CAT  \\$aBATCH-UPD$b00$c20160524$lBLL01$h2210
=CAT  \\$aBATCH-UPD$b00$c20160525$lBLL01$h0019
=CAT  \\$aBATCH-UPD$b00$c20160824$lBLL01$h1755
=CAT  \\$aIPL-CLA$c20160930$lBLL01$h1603
=CAT  \\$aBATCH-UPD$b00$c20170216$lBLL01$h1843
=CAT  \\$aIPL-CLA$c20170331$lBLL01$h1844
=CAT  \\$aBATCH-UPD$b00$c20170904$lBLL01$h1851
=CAT  \\$aIPL-CLA$c20170929$lBLL01$h1728
=CAT  \\$aBATCH-UPD$b00$c20180223$lBLL01$h1720
=CAT  \\$aIPL-CLA$c20180331$lBLL01$h1620
=CAT  \\$aW1805-0475$c20180520$lBLL01$h1631
=CAT  \\$aBATCH-UPD$b00$c20180524$lBLL01$h1714
=CAT  \\$aIPL-CLA$c20180630$lBLL01$h1916
=CAT  \\$aW1908-0780$b00$c20200730$lBLL01$h1327
=CAT  \\$a15190$b40$c20210223$lBLL01$h1007
=CAT  \\$aCDS21$c20220118$lBLL01$h1105
=CAT  \\$aBATCH-UPD$b00$c20221121$lBLL01$h1400
=CAT  \\$a5410$b40$c20221206$lBLL01$h1124
=CAT  \\$aIPL-CLA$c20221231$lBLL01$h1445
=CFI  0\$aCurrent copyright fee: GBP29.95$c22\1$e01-jan-2023$fGBP29.95$g0$hP$5Uk
=CFI  2\$aPrevious copyright fee: GBP34.00$c22\1$e01-jul-2018$fGBP34.00$g0$hP$5Uk
=EST  \\$a1
=FFP  \\$aY$bBLDSS-3PM
=FIN  \\$aY$d20110914
=MNI  \\$a1438-4957
=SID  \\$aZ39$bOCLC
=TCO  \\$aZZZ$c008
=TCO  \\$aJPN$bJAACC$c008
=TOC  \\$aETOC
=UNO  \\$aY
=ACF  \\$aPrevious copyright fee: GBP16.67$c22\3$e01-jan-2006$fGBP16.67$g0$hP$5Uk
=ACF  \\$aPrevious copyright fee: GBP16.22$c22\3$e01-apr-2005$fGBP16.22$g0$hP$5Uk
=ACF  \\$aPrevious copyright fee: GBP16.67$c22\3$e01-jan-2005$fGBP16.67$g0$hP$5Uk
=ACF  \\$aPrevious copyright fee: GBP17.14$c22\3$e01-apr-2006$fGBP17.14$g0$hP$5Uk
=ACF  \\$aPrevious copyright fee: GBP22.00$c22\3$e12-aug-2012$fGBP22.00$g0$hP$5Uk
=ACF  \\$aPrevious copyright fee: GBP25.00$c22\3$e01-jan-2013$fGBP25.00$g0$hP$5Uk
=ACF  \\$aPrevious copyright fee: GBP25.77$c22\3$e01-jul-2013$fGBP25.77$g0$hP$5Uk
=ACF  \\$aPrevious copyright fee: GBP24.97$c22\3$e01-jan-2014$fGBP24.97$g0$hP$5Uk
=ACF  \\$aPrevious copyright fee: GBP24.21$c22\3$e01-jul-2014$fGBP24.21$g0$hP$5Uk
=ACF  \\$aPrevious copyright fee: GBP25.77$c22\3$e01-apr-2015$fGBP25.77$g0$hP$5Uk
=ACF  \\$aPrevious copyright fee: GBP26.63$c22\3$e01-jul-2015$fGBP26.63$g0$hP$5Uk
=ACF  \\$aPrevious copyright fee: GBP25.77$c22\3$e01-oct-2015$fGBP25.77$g0$hP$5Uk
=ACF  \\$aPrevious copyright fee: GBP27.55$c22\3$e01-apr-2016$fGBP27.55$g0$hP$5Uk
=ACF  \\$aPrevious copyright fee: GBP29.59$c22\3$e01-oct-2016$fGBP29.59$g0$hP$5Uk
=ACF  \\$aPrevious copyright fee: GBP31.96$c22\3$e01-apr-2017$fGBP31.96$g0$hP$5Uk
=ACF  \\$aPrevious copyright fee: GBP30.73$c22\3$e01-oct-2017$fGBP30.73$g0$hP$5Uk
=ACF  \\$aPrevious copyright fee: GBP28.54$c22\3$e01-apr-2018$fGBP28.54$g0$hP$5Uk
=LAS  \\$aIPL-CLA$b00$c20221231$lBLL01$h1445

