=LDR  06092cas a2201237 a 4500
=001  013089738
=003  Uk
=005  20221231144556.0
=006  m\\\\\\\\d\\\\\\\\
=007  cr||||||||||||
=008  020319c20019999gw\mx\pss\\\\\0\\\a0eng\c
=FMT  \\$a  SE
=010  \\$a2004233609
=022  \\$a1432-1351$l0340-7594
=035  \\$a(OCoLC)49343172
=037  \\$a???$bSpringer
=040  \\$aIWA$cIWA$dBOS$dOCLCQ$dGUA$dOCL$dCIT$dOCLCQ$dUk
=042  \\$aukblsr
=050  14$aQP33
=082  04$a571.1$222
=222  \0$aJournal of comparative physiology. A, Neuroethology, sensory, neural, and behavioral physiology$b(Internet)
=245  00$aJournal of comparative physiology.$nA,$pNeuroethology, sensory, neural, and behavioral physiology$h[electronic resource].
=246  30$aNeuroethology, sensory, neural, and behavioral physiology
=260  \\$aHeidelberg :$bSpringer-Verlag Heidelberg
=310  \\$aMonthly,$b2003-
=321  \\$a13 no. a year,$b-2002
=336  \\$atext$2rdacontent
=337  \\$acomputer$2rdamedia
=338  \\$aonline resource$2rdacarrier
=362  0\$aVol. 187, no. 11 (Dec. 2001)-
=500  \\$aTitle from journal description screen (Springer LINK, viewed Apr. 9, 2004).
=500  \\$aLatest issue consulted: Vol. 197, no. 6 (June 2011) (viewed May 27, 2011).
=515  \\$aSome issues combined.
=538  \\$aMode of access: World Wide Web.
=580  \\$aIncludes issues of earlier title: Journal of comparative physiology. A, Sensory, neural, and behavioral physiology.
=540  \\$aCurrent copyright fee: GBP29.95$c22\1$5Uk
=650  \0$aPhysiology, Comparative$vPeriodicals.
=650  \0$aNeurophysiology$vPeriodicals.
=650  \0$aPsychophysiology$vPeriodicals.
=776  1\$tJournal of comparative physiology. A, Sensory, neural, and behavioral physiology$x0340-7594
=859  \\$aELD$bejournal
=856  \\$31850-9999$uhttp://www.springer.com/gb/$xBLDSS
=856  40$uhttp://firstsearch.oclc.org$zAddress for accessing the journal using authorization number and password through OCLC FirstSearch Electronic Collections Online
=856  40$uhttp://www.springerlink.com/link.asp?id=100424
=856  40$uhttp://www.springerlink.com/openurl.asp?genre=journal&eissn=1432-1351
=859  \\$aXLD$bejournal
=852  41$aBritish Library$bHMNTS$jELD Digital store$3Volume 204:Issue 2(2018)-
=852  41$aBritish Library$bDSC$j4963.210000$3Volume 184:Issue 5(1999)-Volume 204:Issue 4(2018)***See ESTAR for full holdings.
=945  \\$aJOURNAL OF COMPARATIVE PHYSIOLOGY A.
=959  \\$fHeld but not currently received
=979  \\$aBritish Library$bDSC$j4963.210000
=CAT  \\$a10902$b40$c20050123$lBLL01$h1435
=CAT  \\$aBATCH-UPD$b00$c20150520$lBLL01$h1750
=CAT  \\$aIPL-CLA$c20150630$lBLL01$h1646
=CAT  \\$aBATCH-UPD$b00$c20150820$lBLL01$h1837
=CAT  \\$aIPL-CLA$c20150930$lBLL01$h1806
=CAT  \\$aBATCH-UPD$b00$c20160217$lBLL01$h1727
=CAT  \\$aIPL-CLA$c20160331$lBLL01$h1726
=CAT  \\$aBATCH-UPD$b00$c20160524$lBLL01$h2210
=CAT  \\$aBATCH-UPD$b00$c20160525$lBLL01$h0019
=CAT  \\$aBATCH-UPD$b00$c20160824$lBLL01$h1755
=CAT  \\$aIPL-CLA$c20160930$lBLL01$h1603
=CAT  \\$aBATCH-UPD$b00$c20170216$lBLL01$h1843
=CAT  \\$aIPL-CLA$c20170331$lBLL01$h1844
=CAT  \\$aBATCH-UPD$b00$c20170904$lBLL01$h1851
=CAT  \\$aIPL-CLA$c20170929$lBLL01$h1728
=CAT  \\$aBATCH-UPD$b00$c20180223$lBLL01$h1720
=CAT  \\$aIPL-CLA$c20180331$lBLL01$h1620
=CAT  \\$aW1805-0475$c20180520$lBLL01$h1631
=CAT  \\$aBATCH-UPD$b00$c20180524$lBLL01$h1714
=CAT  \\$aIPL-CLA$c20180630$lBLL01$h1916
=CAT  \\$aW1908-0780$b00$c20200730$lBLL01$h1327
=CAT  \\$a15190$b40$c20210212$lBLL01$h1033
=CAT  \\$aCDS21$c20220118$lBLL01$h1105
=CAT  \\$aBATCH-UPD$b00$c20221121$lBLL01$h1400
=CAT  \\$a5410$b40$c20221207$lBLL01$h1222
=CAT  \\$aIPL-CLA$c20221231$lBLL01$h1445
=CFI  0\$aCurrent copyright fee: GBP29.95$c22\1$e01-jan-2023$fGBP29.95$g0$hP$5Uk
=CFI  2\$aPrevious copyright fee: GBP34.00$c22\1$e01-jul-2018$fGBP34.00$g0$hP$5Uk
=EST  \\$a1
=FFP  \\$aY$bBLDSS-3PM
=FIN  \\$aY$d20110527
=LKR  \\$aPAR$b010488793$lBLL01$r776$mJournal of comparative physiology A, Neuroethology, sensory, neural, and behavioral physiology (Online)$nJournal of comparative physiology. A, Sensory, neural, and behavioral physiology (Print)
=MNI  \\$a0340-7594
=SID  \\$aZ39$bOCLC
=TCO  \\$aDEU$bVG WORT$c008
=TOC  \\$aETOC
=UNO  \\$aY
=ACF  \\$aPrevious copyright fee: GBP16.67$c22\3$e01-jan-2006$fGBP16.67$g0$hP$5Uk
=ACF  \\$aPrevious copyright fee: GBP16.22$c22\3$e01-apr-2005$fGBP16.22$g0$hP$5Uk
=ACF  \\$aPrevious copyright fee: GBP16.67$c22\3$e01-jan-2005$fGBP16.67$g0$hP$5Uk
=ACF  \\$aPrevious copyright fee: GBP17.14$c22\3$e01-apr-2006$fGBP17.14$g0$hP$5Uk
=ACF  \\$aPrevious copyright fee: GBP22.00$c22\3$e12-aug-2012$fGBP22.00$g0$hP$5Uk
=ACF  \\$aPrevious copyright fee: GBP25.00$c22\3$e01-jan-2013$fGBP25.00$g0$hP$5Uk
=ACF  \\$aPrevious copyright fee: GBP25.77$c22\3$e01-jul-2013$fGBP25.77$g0$hP$5Uk
=ACF  \\$aPrevious copyright fee: GBP24.97$c22\3$e01-jan-2014$fGBP24.97$g0$hP$5Uk
=ACF  \\$aPrevious copyright fee: GBP24.21$c22\3$e01-jul-2014$fGBP24.21$g0$hP$5Uk
=ACF  \\$aPrevious copyright fee: GBP25.77$c22\3$e01-apr-2015$fGBP25.77$g0$hP$5Uk
=ACF  \\$aPrevious copyright fee: GBP26.63$c22\3$e01-jul-2015$fGBP26.63$g0$hP$5Uk
=ACF  \\$aPrevious copyright fee: GBP25.77$c22\3$e01-oct-2015$fGBP25.77$g0$hP$5Uk
=ACF  \\$aPrevious copyright fee: GBP27.55$c22\3$e01-apr-2016$fGBP27.55$g0$hP$5Uk
=ACF  \\$aPrevious copyright fee: GBP29.59$c22\3$e01-oct-2016$fGBP29.59$g0$hP$5Uk
=ACF  \\$aPrevious copyright fee: GBP31.96$c22\3$e01-apr-2017$fGBP31.96$g0$hP$5Uk
=ACF  \\$aPrevious copyright fee: GBP30.73$c22\3$e01-oct-2017$fGBP30.73$g0$hP$5Uk
=ACF  \\$aPrevious copyright fee: GBP28.54$c22\3$e01-apr-2018$fGBP28.54$g0$hP$5Uk
=LAS  \\$aIPL-CLA$b00$c20221231$lBLL01$h1445

