=LDR  06267cas a2201297 a 4500
=001  013089752
=003  Uk
=005  20221231144557.0
=006  m\\\\\\\\d\\\\\\\\
=007  cr\mnu||||||||
=008  000119c19969999gw\br\pss\\\\\0\\\a0eng\c
=FMT  \\$a  SE
=010  \\$a2004233607
=022  \\$a1432-5217$y1432-2994
=035  \\$a(OCoLC)43312850
=037  \\$a???$bSpringer
=040  \\$aVPI$cVPI$dOCL$dOCLCQ$dGUA$dOCLCQ$dMUQ$dOCL$dMYG$dOCLCQ$dCLU$dUk
=042  \\$aukblsr
=050  14$aT57.6.A1
=082  04$a658.403305$223
=130  0\$aMathematical methods of operations research (Heidelberg, Germany : Online)
=210  0\$aMath. methods oper. res.$b(Heidelb., Internet)
=210  10$aMath. meth. oper. res.
=222  \0$aMathematical methods of operations research$b(Heidelberg. Internet)
=245  10$aMathematical methods of operations research$h[electronic resource].
=246  30$aOperations research
=246  1\$iSome providers have contents screen title:$aMathematical methods of operations research (ZOR)
=246  13$aZOR
=260  \\$a[Heidelberg] :$bPhysica
=310  \\$aBimonthly
=336  \\$atext$2rdacontent
=337  \\$acomputer$2rdamedia
=338  \\$aonline resource$2rdacarrier
=362  1\$aPrint began with vol. 43, no. 1 (Feb. 1996).
=580  \\$aIncludes issues of earlier title: Zeitschrift für Operations Research.
=500  \\$aJointly sponsored by: Gesellschaft für Operations Research and Nederlands Genootschap voor Besliskunde, <2010- >.
=588  \\$aDescription based on: Vol. 43, no. 1 (Feb. 1996); title from pdf image of article (SpringerLink, viewed Nov. 17, 2009).
=588  \\$aLatest issue consulted: Vol. 74, no. 1 (Aug. 2011) (title from contents page; SpringerLink, viewed Oct. 12, 2011).
=540  \\$aCurrent copyright fee: GBP29.95$c22\1$5Uk
=650  \0$aOperations research$xMathematical models$vPeriodicals.
=650  \0$aOperations research$vPeriodicals.
=650  \0$aMathematical optimization$vPeriodicals.
=690  7\$aManagement and Business Studies$2blcoll
=776  08$iPrint version:$tMathematical methods of operations research (Heidelberg, Germany)$x1432-2994
=780  00$tZeitschrift für Operations Research
=859  \\$aELD$bejournal
=856  \\$31850-9999$uhttp://www.springer.com/gb/$xBLDSS
=856  40$uhttp://firstsearch.oclc.org$zAddress for accessing the journal using authorization number and password through OCLC FirstSearch Electronic Collections Online
=856  40$uhttp://www.springerlink.com/content/102510
=856  40$uhttp://www.springerlink.com/content/1432-2994
=859  \\$aXLD$bejournal
=852  41$aBritish Library$bDSC$j5402.541000$3Volume 54:Issue 3(2001)-Volume 87:Issue 1(2018)***See ESTAR for full holdings.
=852  41$aBritish Library$bHMNTS$jELD Digital store$3Volume 87:Issue 3(2018)-
=945  \\$aMathematical methods of operations research -Heidelberg-
=959  \\$fHeld but not currently received
=979  \\$aBritish Library$bDSC$j5402.541000
=CAT  \\$a10902$b40$c20050123$lBLL01$h1529
=CAT  \\$aBATCH-UPD$b00$c20150520$lBLL01$h1745
=CAT  \\$aIPL-CLA$c20150630$lBLL01$h1646
=CAT  \\$aBATCH-UPD$b00$c20150820$lBLL01$h1833
=CAT  \\$aIPL-CLA$c20150930$lBLL01$h1806
=CAT  \\$aBATCH-UPD$b00$c20160217$lBLL01$h1722
=CAT  \\$aIPL-CLA$c20160331$lBLL01$h1726
=CAT  \\$aBATCH-UPD$b00$c20160524$lBLL01$h2210
=CAT  \\$aBATCH-UPD$b00$c20160525$lBLL01$h0019
=CAT  \\$aBATCH-UPD$b00$c20160824$lBLL01$h1751
=CAT  \\$aIPL-CLA$c20160930$lBLL01$h1603
=CAT  \\$aBATCH-UPD$b00$c20170216$lBLL01$h1838
=CAT  \\$aIPL-CLA$c20170331$lBLL01$h1844
=CAT  \\$aBATCH-UPD$b00$c20170904$lBLL01$h1847
=CAT  \\$aIPL-CLA$c20170929$lBLL01$h1728
=CAT  \\$aBATCH-UPD$b00$c20180223$lBLL01$h1708
=CAT  \\$aIPL-CLA$c20180331$lBLL01$h1620
=CAT  \\$aW1805-0475$c20180520$lBLL01$h1631
=CAT  \\$aBATCH-UPD$b00$c20180524$lBLL01$h1710
=CAT  \\$aIPL-CLA$c20180630$lBLL01$h1916
=CAT  \\$aW1908-0780$b00$c20200730$lBLL01$h1327
=CAT  \\$a15190$b40$c20210310$lBLL01$h1132
=CAT  \\$aCDS21$c20220118$lBLL01$h1105
=CAT  \\$aBATCH-UPD$b00$c20221121$lBLL01$h1400
=CAT  \\$a5410$b40$c20221207$lBLL01$h1331
=CAT  \\$aIPL-CLA$c20221231$lBLL01$h1445
=CFI  0\$aCurrent copyright fee: GBP29.95$c22\1$e01-jan-2023$fGBP29.95$g0$hP$5Uk
=CFI  2\$aPrevious copyright fee: GBP34.00$c22\1$e01-jul-2018$fGBP34.00$g0$hP$5Uk
=EST  \\$a1
=FFP  \\$aY$bBLDSS-3PM
=FIN  \\$aY$d20111012
=MNI  \\$a1432-2994
=SID  \\$aZ39$bOCLC
=TCO  \\$aZZZ$c008
=TCO  \\$aDEU$bVG WORT$c008
=TOC  \\$aETOC
=UNO  \\$aY
=ACF  \\$aPrevious copyright fee: GBP16.67$c22\2$e01-jan-2006$fGBP16.67$g0$hP$5Uk
=ACF  \\$aPrevious copyright fee: GBP16.22$c22\2$e01-apr-2005$fGBP16.22$g0$hP$5Uk
=ACF  \\$aPrevious copyright fee: GBP16.67$c22\2$e01-jan-2005$fGBP16.67$g0$hP$5Uk
=ACF  \\$aPrevious Copyright Fee: GBP17.14$c22\2$e01-apr-2006$fGBP17.14$g0$hP$5Uk
=ACF  \\$aPrevious copyright fee: GBP22.00$c22\2$e12-aug-2012$fGBP22.00$g0$hP$5Uk
=ACF  \\$aPrevious copyright fee: GBP25.00$c22\2$e01-jan-2013$fGBP25.00$g0$hP$5Uk
=ACF  \\$aPrevious copyright fee: GBP25.77$c22\2$e01-jul-2013$fGBP25.77$g0$hP$5Uk
=ACF  \\$aPrevious copyright fee: GBP24.97$c22\2$e01-jan-2014$fGBP24.97$g0$hP$5Uk
=ACF  \\$aPrevious copyright fee: GBP24.21$c22\2$e01-jul-2014$fGBP24.21$g0$hP$5Uk
=ACF  \\$aPrevious copyright fee: GBP25.77$c22\2$e01-apr-2015$fGBP25.77$g0$hP$5Uk
=ACF  \\$aPrevious copyright fee: GBP26.63$c22\2$e01-jul-2015$fGBP26.63$g0$hP$5Uk
=ACF  \\$aPrevious copyright fee: GBP25.77$c22\2$e01-oct-2015$fGBP25.77$g0$hP$5Uk
=ACF  \\$aPrevious copyright fee: GBP27.55$c22\2$e01-apr-2016$fGBP27.55$g0$hP$5Uk
=ACF  \\$aPrevious copyright fee: GBP29.59$c22\2$e01-oct-2016$fGBP29.59$g0$hP$5Uk
=ACF  \\$aPrevious copyright fee: GBP31.96$c22\2$e01-apr-2017$fGBP31.96$g0$hP$5Uk
=ACF  \\$aPrevious copyright fee: GBP30.73$c22\2$e01-oct-2017$fGBP30.73$g0$hP$5Uk
=ACF  \\$aPrevious copyright fee: GBP28.54$c22\2$e01-apr-2018$fGBP28.54$g0$hP$5Uk
=LAS  \\$aIPL-CLA$b00$c20221231$lBLL01$h1445

