=LDR  07086cas a2201357 a 4500
=001  013091502
=003  Uk
=005  20221231144558.0
=006  m\\\\\\\\d\\\\\\\\
=007  cr\mn|||||||||
=008  990223c19709999gw\mr\poo\\\\\0\\\a0eng\c
=FMT  \\$a  SE
=010  \\$a2009247533
=022  0\$a1432-1920$l0028-3940$y0028-3940$26
=035  \\$a(OCoLC)41903151$z(OCoLC)61677463$z(OCoLC)270885577
=037  \\$a???$bSpringer
=040  \\$aCOO$cCOO$dOCLCQ$dMUQ$dOCL$dQCL$dGUA$dBUF$dOCLCQ$dCLU$dUk
=042  \\$aukblsr
=050  \4$aRC349.R3$bN4
=060  \4$aW1$bNE342K
=082  04$a616.80475705$223
=130  0\$aNeuroradiology (Online)
=210  0\$aNeuroradiology$b(Berl., Internet)
=222  \0$aNeuroradiology$b(Berlin. Internet)
=245  10$aNeuroradiology$h[electronic resource].
=246  30$aNeuro-radiology
=260  \\$aBerlin ;$aNew York :$bSpringer-Verlag
=310  \\$aMonthly,$b1997-
=321  \\$aFrequency varies, 1970-1996
=336  \\$atext$2rdacontent
=337  \\$acomputer$2rdamedia
=338  \\$aonline resource$2rdacarrier
=362  1\$aPrint began with vol. 1 (Apr. 1970).
=588  \\$aDescription based on print version record.
=520  \\$aNeuroradiology is a discipline that covers the medical aspects of interpretation of a great variety of imaging techniques in the neurosciences as well as those aspects of treatment that are covered by the term "interventional radiology."
=525  \\$aSome vols. have supplements.
=550  \\$aOfficial organ of the European Society of Neuroradiology; Japanese Neuroradiological Society; Austrian Society of Neuroradiology; Bulgarian Association of Radiology; Czech Neuroradiological Society; Dutch Society of Neuroradiology; Finnish Society of Neuroradiology; German Society of Neuroradiology; Latvian Society of Neuroradiology; Norwegian Society of Neuroradiology; Neuroradiological Section of the Royal Belgian Society of Radiology; Neuroradiological Section of the Polish Medical Radiological Society; Swedish Society of Neuroradiology; and Swiss Society of Neuroradiology.
=588  \\$aLatest issue consulted: Vol. 53, no. 9 (Sept. 2010) (viewed SpringerLink, Sept. 26, 2011).
=540  \\$aCurrent copyright fee: GBP34.95$c22\1$5Uk
=650  \0$aNervous system$xRadiography$vPeriodicals.
=650  \2$aNervous System$xradiography$vPeriodicals.
=653  \\$aMedicine (Human and Veterinary)
=710  2\$aEuropean Society of Neuroradiology.
=710  2\$aJapanese Neuroradiological Society.
=710  2\$aÖsterreichische Gesellschaft für Neuroradiologie.
=776  08$iAlso issued in print:$tNeuroradiology$x0028-3940
=859  \\$aELD$bejournal
=856  \\$31850-9999$uhttp://www.springer.com/gb/$xBLDSS
=856  40$uhttp://link.springer-ny.com/link/service/journals/00234/index.htm$zInternet resource file; accessible through Library Gateway
=856  40$uhttp://www.springerlink.com/content/0028-3940/
=856  40$uhttp://search.ebscohost.com/login.aspx?direct=true&db=rzh&jid=NYZ&site=ehost-live$zAvailable Jan. 2008-date, with 12 month embargo:
=856  40$uhttp://www.springerlink.com/openurl.asp?genre=journal&issn=0028-3940$zFull text available from Springer-Verlag LINK: from 15/10/1996 to present
=859  \\$aXLD$bejournal
=852  \\$aBritish Library$bDSC$j6081.558000$3Volume 43:Issue 11(2001)-Volume 60:Issue 4(2018)***See ESTAR for full holdings.
=852  41$aBritish Library$bHMNTS$jELD Digital store$3Volume 60:Number 1(2018)-
=945  \\$aNEURORADIOLOGY.
=959  \\$fHeld but not currently received
=979  \\$aBritish Library$bDSC$j6081.558000
=985  \\$aCONFERENCE ANALYTIC RECORDS EXIST
=CAT  \\$a7174$b40$c20050125$lBLL01$h1407
=CAT  \\$aBATCH-UPD$b00$c20150820$lBLL01$h1837
=CAT  \\$aIPL-CLA$c20150930$lBLL01$h1806
=CAT  \\$aBATCH-UPD$b00$c20160217$lBLL01$h1727
=CAT  \\$aIPL-CLA$c20160331$lBLL01$h1727
=CAT  \\$aBATCH-UPD$b00$c20160524$lBLL01$h2210
=CAT  \\$aBATCH-UPD$b00$c20160525$lBLL01$h0019
=CAT  \\$aBATCH-UPD$b00$c20160824$lBLL01$h1755
=CAT  \\$aIPL-CLA$c20160930$lBLL01$h1603
=CAT  \\$aBATCH-UPD$b00$c20170216$lBLL01$h1843
=CAT  \\$aIPL-CLA$c20170331$lBLL01$h1844
=CAT  \\$aBATCH-UPD$b00$c20170904$lBLL01$h1851
=CAT  \\$aIPL-CLA$c20170929$lBLL01$h1728
=CAT  \\$aBATCH-UPD$b00$c20180223$lBLL01$h1720
=CAT  \\$aIPL-CLA$c20180331$lBLL01$h1620
=CAT  \\$aW1805-0475$c20180520$lBLL01$h1631
=CAT  \\$aBATCH-UPD$b00$c20180524$lBLL01$h1714
=CAT  \\$aIPL-CLA$c20180630$lBLL01$h1916
=CAT  \\$aW1908-0780$b00$c20200730$lBLL01$h1328
=CAT  \\$a15190$b40$c20210323$lBLL01$h1137
=CAT  \\$a5552$b40$c20210824$lBLL01$h0844
=CAT  \\$aIPL-CLA$c20210930$lBLL01$h1528
=CAT  \\$aCDS21$c20220118$lBLL01$h1105
=CAT  \\$aBATCH-UPD$b00$c20221121$lBLL01$h1411
=CAT  \\$a5410$b40$c20221205$lBLL01$h1149
=CAT  \\$aIPL-CLA$c20221231$lBLL01$h1445
=CFI  0\$aCurrent copyright fee: GBP34.95$c22\1$e01-jan-2023$fGBP34.95$g0$hP$5Uk
=CFI  2\$aPrevious copyright fee: GBP43.00$c22\1$e01-oct-2021$fGBP43.00$g0$hP$5Uk
=EST  \\$a1
=FFP  \\$aY$bBLDSS-3PM
=FIN  \\$aY$d20110927
=LKR  \\$aPAR$b012420164$lBLL01$r776$mNeuroradiology (Online)$nNeuroradiology (Print)
=MNI  \\$a0028-3940
=SID  \\$aZ39$bOCLC
=TCO  \\$aZZZ$c008
=TCO  \\$aDEU$bVG WORT$c008
=TOC  \\$aETOC
=UNO  \\$aY
=ACF  \\$aPrevious copyright fee: GBP16.67$c22\3$e01-jan-2006$fGBP16.67$g0$hP$5Uk
=ACF  \\$aPrevious copyright fee: GBP16.22$c22\3$e01-apr-2005$fGBP16.22$g0$hP$5Uk
=ACF  \\$aPrevious copyright fee: GBP16.67$c22\3$e01-jan-2005$fGBP16.67$g0$hP$5Uk
=ACF  \\$aPrevious copyright fee: GBP17.14$c22\3$e01-apr-2006$fGBP17.14$g0$hP$5Uk
=ACF  \\$aPrevious copyright fee: GBP22.00$c22\3$e12-aug-2012$fGBP22.00$g0$hP$5Uk
=ACF  \\$aPrevious copyright fee: GBP25.00$c22\3$e01-jan-2013$fGBP25.00$g0$hP$5Uk
=ACF  \\$aPrevious copyright fee: GBP25.77$c22\3$e01-jul-2013$fGBP25.77$g0$hP$5Uk
=ACF  \\$aPrevious copyright fee: GBP24.97$c22\3$e01-jan-2014$fGBP24.97$g0$hP$5Uk
=ACF  \\$aPrevious copyright fee: GBP24.21$c22\3$e01-jul-2014$fGBP24.21$g0$hP$5Uk
=ACF  \\$aPrevious copyright fee: GBP25.77$c22\3$e01-apr-2015$fGBP25.77$g0$hP$5Uk
=ACF  \\$aPrevious copyright fee: GBP26.63$c22\3$e01-jul-2015$fGBP26.63$g0$hP$5Uk
=ACF  \\$aPrevious copyright fee: GBP25.77$c22\3$e01-oct-2015$fGBP25.77$g0$hP$5Uk
=ACF  \\$aPrevious copyright fee: GBP27.55$c22\3$e01-apr-2016$fGBP27.55$g0$hP$5Uk
=ACF  \\$aPrevious copyright fee: GBP29.59$c22\3$e01-oct-2016$fGBP29.59$g0$hP$5Uk
=ACF  \\$aPrevious copyright fee: GBP31.96$c22\3$e01-apr-2017$fGBP31.96$g0$hP$5Uk
=ACF  \\$aPrevious copyright fee: GBP30.73$c22\3$e01-oct-2017$fGBP30.73$g0$hP$5Uk
=ACF  \\$aPrevious copyright fee: GBP28.54$c22\3$e01-apr-2018$fGBP28.54$g0$hP$5Uk
=ACF  \\$aPrevious copyright fee: GBP34.00$c22\1$e01-jul-2018$fGBP34.00$g0$hP$5Uk
=LAS  \\$aIPL-CLA$b00$c20221231$lBLL01$h1445

