=LDR  05609cas a2201237 a 4500
=001  013093737
=003  Uk
=005  20230429172442.0
=006  m\\\\\\\\d\\\\\\\\
=007  cr\cnu||||||||
=008  000201c19919999gw\mx\p\s\\\\\0\\\a0eng\c
=FMT  \\$a  SE
=010  \\$a  2009242362
=022  \\$a1432-2153$y0938-1287
=035  \\$a(OCoLC)43374269
=037  \\$a???$bSpringer
=040  \\$aViBlbV$cViBlbV$dAAP$dOCoLC$dCaQMU$dOCoLC$dAUD$dCPT$dMCM$dOCoLC$dCLU$dUk
=042  \\$aukblsr
=050  14$aQC168.85.S45
=082  04$a531.1133$223
=130  0\$aShock waves (Online)
=222  \0$aShock waves$b(Internet)
=245  10$aShock waves$h[electronic resource].
=260  \\$aBerlin :$bSpringer
=310  \\$aMonthly (except Jan.),$b2007-
=321  \\$aBimonthly,$b<June 1996>-
=321  \\$aQuarterly,$bMar. 1991-<1996>
=336  \\$atext$2rdacontent
=337  \\$acomputer$2rdamedia
=338  \\$aonline resource$2rdacarrier
=362  1\$aBegan with vol. 1, no. 1 (Mar. 1991).
=500  \\$aDescription based on: Vol. 1, no. 1 (Mar. 1991); title from journal contents page (SpringerLink, viewed Oct. 21, 2009).
=500  \\$aLatest issue consulted: Vol. 20, no. 2 (Apr. 2010) (SpringerLink, viewed May 3, 2010).
=550  \\$aIssued by : International Shock Wave Institute, <2010- >.
=540  \\$aCurrent copyright fee: GBP29.95$c22\1$5Uk
=650  \0$aShock waves$vPeriodicals.
=650  \0$aDetonation waves$vPeriodicals.
=710  2\$aInternational Shock Wave Institute.
=776  08$iPrint version:$tShock waves$x0938-1287
=859  \\$aELD$bejournal
=856  \\$31850-9999$uhttp://www.springer.com/gb/$xBLDSS
=856  4\$uhttp://firstsearch.oclc.org$zAddress for accessing the journal using authorization number and password through OCLC FirstSearch Electronic Collections Online
=856  40$uhttp://www.springerlink.com/content/0938-1287
=856  40$uhttp://www.springerlink.com/content/100486/
=859  \\$aXLD$bejournal
=852  41$aBritish Library$bDSC$j8267.485400$3Volume 14:Issue 1/2(2005)-Volume 28:Issue 2(2018)***See ESTAR for full holdings.
=852  41$aBritish Library$bHMNTS$jELD Digital store$3Volume 28:Issue 4(2018)-
=945  \\$aShock waves -Berlin-
=959  \\$fHeld but not currently received
=979  \\$aBritish Library$bDSC$j8267.485400
=985  \\$aCONFERENCE ANALYTIC RECORDS EXIST
=CAT  \\$a8335$b40$c20050126$lBLL01$h0838
=CAT  \\$aBATCH-UPD$b00$c20150520$lBLL01$h1750
=CAT  \\$aIPL-CLA$c20150630$lBLL01$h1646
=CAT  \\$aBATCH-UPD$b00$c20150820$lBLL01$h1837
=CAT  \\$aIPL-CLA$c20150930$lBLL01$h1806
=CAT  \\$aBATCH-UPD$b00$c20160217$lBLL01$h1727
=CAT  \\$aIPL-CLA$c20160331$lBLL01$h1727
=CAT  \\$aBATCH-UPD$b00$c20160524$lBLL01$h2210
=CAT  \\$aBATCH-UPD$b00$c20160525$lBLL01$h0019
=CAT  \\$aBATCH-UPD$b00$c20160824$lBLL01$h1755
=CAT  \\$aIPL-CLA$c20160930$lBLL01$h1603
=CAT  \\$aBATCH-UPD$b00$c20170216$lBLL01$h1843
=CAT  \\$aIPL-CLA$c20170331$lBLL01$h1844
=CAT  \\$aBATCH-UPD$b00$c20170904$lBLL01$h1851
=CAT  \\$aIPL-CLA$c20170929$lBLL01$h1728
=CAT  \\$aBATCH-UPD$b00$c20180223$lBLL01$h1720
=CAT  \\$aIPL-CLA$c20180331$lBLL01$h1620
=CAT  \\$aW1805-0475$c20180520$lBLL01$h1631
=CAT  \\$aBATCH-UPD$b00$c20180524$lBLL01$h1714
=CAT  \\$aIPL-CLA$c20180630$lBLL01$h1916
=CAT  \\$aW1908-0780$b00$c20200730$lBLL01$h1328
=CAT  \\$a15190$b40$c20210414$lBLL01$h1137
=CAT  \\$aCDS21$c20220118$lBLL01$h1105
=CAT  \\$aBATCH-UPD$b00$c20221121$lBLL01$h1400
=CAT  \\$aIPL-CLA$c20221231$lBLL01$h1445
=CAT  \\$a5410$b40$c20230429$lBLL01$h1724
=CFI  0\$aCurrent copyright fee: GBP29.95$c22\1$e01-jan-2023$fGBP29.95$g0$hP$5Uk
=CFI  2\$aPrevious copyright fee: GBP34.00$c22\1$e01-jul-2018$fGBP34.00$g0$hP$5Uk
=EST  \\$a1
=FFP  \\$aY$bBLDSS-3PM
=FIN  \\$aY$d20111019
=MNI  \\$a0938-1287
=SRC  \\$aBLL02
=TCO  \\$aZZZ$c008
=TCO  \\$aDEU$bVG WORT$c008
=TOC  \\$aETOC
=UNO  \\$aY
=ACF  \\$aPrevious copyright fee: GBP16.67$c22\3$e01-jan-2006$fGBP16.67$g0$hP$5Uk
=ACF  \\$aPrevious copyright fee: GBP16.22$c22\3$e01-apr-2005$fGBP16.22$g0$hP$5Uk
=ACF  \\$aPrevious copyright fee: GBP16.67$c22\3$e01-jan-2005$fGBP16.67$g0$hP$5Uk
=ACF  \\$aPrevious copyright fee: GBP17.14$c22\3$e01-apr-2006$fGBP17.14$g0$hP$5Uk
=ACF  \\$aPrevious copyright fee: GBP22.00$c22\3$e12-aug-2012$fGBP22.00$g0$hP$5Uk
=ACF  \\$aPrevious copyright fee: GBP25.00$c22\3$e01-jan-2013$fGBP25.00$g0$hP$5Uk
=ACF  \\$aPrevious copyright fee: GBP25.77$c22\3$e01-jul-2013$fGBP25.77$g0$hP$5Uk
=ACF  \\$aPrevious copyright fee: GBP24.97$c22\3$e01-jan-2014$fGBP24.97$g0$hP$5Uk
=ACF  \\$aPrevious copyright fee: GBP24.21$c22\3$e01-jul-2014$fGBP24.21$g0$hP$5Uk
=ACF  \\$aPrevious copyright fee: GBP25.77$c22\3$e01-apr-2015$fGBP25.77$g0$hP$5Uk
=ACF  \\$aPrevious copyright fee: GBP26.63$c22\3$e01-jul-2015$fGBP26.63$g0$hP$5Uk
=ACF  \\$aPrevious copyright fee: GBP25.77$c22\3$e01-oct-2015$fGBP25.77$g0$hP$5Uk
=ACF  \\$aPrevious copyright fee: GBP27.55$c22\3$e01-apr-2016$fGBP27.55$g0$hP$5Uk
=ACF  \\$aPrevious copyright fee: GBP29.59$c22\3$e01-oct-2016$fGBP29.59$g0$hP$5Uk
=ACF  \\$aPrevious copyright fee: GBP31.96$c22\3$e01-apr-2017$fGBP31.96$g0$hP$5Uk
=ACF  \\$aPrevious copyright fee: GBP30.73$c22\3$e01-oct-2017$fGBP30.73$g0$hP$5Uk
=ACF  \\$aPrevious copyright fee: GBP28.54$c22\3$e01-apr-2018$fGBP28.54$g0$hP$5Uk
=LAS  \\$a5410$b40$c20230429$lBLL01$h1724

