=LDR  05811cas a2201309 a 4500
=001  013095763
=003  Uk
=005  20221231144600.0
=006  m\\\\\\\\d\\\\\\\\
=007  cr\mnu||||||||
=008  981001c19689999gw\mr\p\s\\\\\0\\\a0eng\c
=FMT  \\$a  SE
=010  \\$a2004233443
=015  \\$a02,A05,0753$2dnb
=016  7\$a019553692$2DE-101
=016  7\$a1462019-4$2DE-600
=022  \\$a1432-1939$y0029-8549
=030  \\$aOECOBX
=035  \\$a(OCoLC)39975551$z(OCoLC)137346928
=037  \\$a???$bSpringer
=040  \\$aPIT$cPIT$dOCLCQ$dGUA$dOCLCQ$dMUQ$dOCL$dEYM$dMYG$dOCLCQ$dGWDNB$dUk
=041  0\$aeng$afre$ager
=042  \\$aukblsr
=050  14$aQH540
=082  04$a577.05$223
=130  0\$aOecologia (Online)
=222  \0$aOecologia$b(Internet)
=245  10$aOecologia$h[electronic resource].
=260  \\$aBerlin :$bSpringer
=310  \\$aMonthly,$b2009-
=321  \\$a16 no. a year,$b1989-2008
=321  \\$aFrequency varies,$b1968-1988
=336  \\$atext$2rdacontent
=337  \\$acomputer$2rdamedia
=338  \\$aonline resource$2rdacarrier
=362  0\$aVol. 1, no. 1/2 (Apr. 1968)-
=500  \\$aTitle from cover (JSTOR, viewed June 23, 2008).
=500  \\$aLatest issue consulted: Vol. 157, no. 1 (Aug. 2008) (SpringerLink, viewed July 9, 2008).
=515  \\$a4 vol. per year; 4 no. per vol., 1989-2008.
=515  \\$aSome issues combined.
=546  \\$aIn English, French, or German, with summaries in English.
=580  \\$a"Derived from Zeitschrift für Morphologie und Ökologie der Tiere."
=540  \\$aCurrent copyright fee: GBP29.95$c22\1$5Uk
=650  \0$aEcology$vPeriodicals.
=776  08$iAlso issued in print:$tOecologia$x0029-8549
=780  11$tZeitschrift für Morphologie und Ökologie der Tiere
=859  \\$aELD$bejournal
=856  \\$31850-9999$uhttp://www.springer.com/gb/$xBLDSS
=856  40$uhttp://firstsearch.oclc.org$zAddress for accessing the journal using authorization number and password through OCLC FirstSearch Electronic Collections Online
=856  40$uhttp://www.springerlink.com/link.asp?id=100458
=856  40$uhttp://www.springeronline.com/sgw/cda/frontpage/0,11855,1-198-70-1081245-0,00.html
=859  \\$aXLD$bejournal
=852  41$aBritish Library$bDSC$j6235.262600$3Volume 125:Issue 1(2000)-Volume 186:Issue 4(2018)***See ESTAR for full holdings.
=852  41$aBritish Library$bHMNTS$jELD Digital store$3Volume 186:Issue 1(2018)-
=945  \\$aOecologia
=959  \\$fHeld but not currently received
=979  \\$aBritish Library$bDSC$j6235.262600
=CAT  \\$a8335$b40$c20050128$lBLL01$h0917
=CAT  \\$aBATCH-UPD$b00$c20150520$lBLL01$h1750
=CAT  \\$aIPL-CLA$c20150630$lBLL01$h1646
=CAT  \\$aBATCH-UPD$b00$c20150820$lBLL01$h1837
=CAT  \\$aIPL-CLA$c20150930$lBLL01$h1806
=CAT  \\$aBATCH-UPD$b00$c20160217$lBLL01$h1727
=CAT  \\$aIPL-CLA$c20160331$lBLL01$h1727
=CAT  \\$aBATCH-UPD$b00$c20160519$lBLL01$h0908
=CAT  \\$aBATCH-UPD$b00$c20160524$lBLL01$h2210
=CAT  \\$aBATCH-UPD$b00$c20160824$lBLL01$h1755
=CAT  \\$aIPL-CLA$c20160930$lBLL01$h1603
=CAT  \\$aBATCH-UPD$b00$c20170216$lBLL01$h1843
=CAT  \\$aIPL-CLA$c20170331$lBLL01$h1844
=CAT  \\$aBATCH-UPD$b00$c20170904$lBLL01$h1851
=CAT  \\$aIPL-CLA$c20170929$lBLL01$h1728
=CAT  \\$aBATCH-UPD$b00$c20180223$lBLL01$h1720
=CAT  \\$aIPL-CLA$c20180331$lBLL01$h1620
=CAT  \\$aW1805-0475$c20180520$lBLL01$h1631
=CAT  \\$aBATCH-UPD$b00$c20180524$lBLL01$h1714
=CAT  \\$aIPL-CLA$c20180630$lBLL01$h1916
=CAT  \\$aW1908-0780$b00$c20200730$lBLL01$h1328
=CAT  \\$a15190$b40$c20210323$lBLL01$h1536
=CAT  \\$aCDS21$c20220118$lBLL01$h1105
=CAT  \\$aBATCH-UPD$b00$c20221121$lBLL01$h1400
=CAT  \\$a5410$b40$c20221127$lBLL01$h1128
=CAT  \\$aIPL-CLA$c20221231$lBLL01$h1446
=CFI  0\$aCurrent copyright fee: GBP29.95$c22\1$e01-jan-2023$fGBP29.95$g0$hP$5Uk
=CFI  2\$aPrevious copyright fee: GBP34.00$c22\1$e01-jul-2018$fGBP34.00$g0$hP$5Uk
=EST  \\$a1
=FFP  \\$aY$bBLDSS-3PM
=FIN  \\$aY$d20111214
=MNI  \\$a0029-8549
=SID  \\$aZ39$bOCLC
=TCO  \\$aZZZ$c008
=TCO  \\$aDEU$bVG WORT$c008
=TOC  \\$aETOC
=UNO  \\$aY
=ACF  \\$aPrevious copyright fee: GBP16.67$c22\3$e01-jan-2006$fGBP16.67$g0$hP$5Uk
=ACF  \\$aPrevious copyright fee: GBP16.22$c22\3$e01-apr-2005$fGBP16.22$g0$hP$5Uk
=ACF  \\$aPrevious copyright fee: GBP16.67$c22\3$e01-jan-2005$fGBP16.67$g0$hP$5Uk
=ACF  \\$aPrevious copyright fee: GBP17.14$c22\3$e01-apr-2006$fGBP17.14$g0$hP$5Uk
=ACF  \\$aPrevious copyright fee: GBP22.00$c22\3$e12-aug-2012$fGBP22.00$g0$hP$5Uk
=ACF  \\$aPrevious copyright fee: GBP25.00$c22\3$e01-jan-2013$fGBP25.00$g0$hP$5Uk
=ACF  \\$aPrevious copyright fee: GBP25.77$c22\3$e01-jul-2013$fGBP25.77$g0$hP$5Uk
=ACF  \\$aPrevious copyright fee: GBP24.97$c22\3$e01-jan-2014$fGBP24.97$g0$hP$5Uk
=ACF  \\$aPrevious copyright fee: GBP24.21$c22\3$e01-jul-2014$fGBP24.21$g0$hP$5Uk
=ACF  \\$aPrevious copyright fee: GBP25.77$c22\3$e01-apr-2015$fGBP25.77$g0$hP$5Uk
=ACF  \\$aPrevious copyright fee: GBP26.63$c22\3$e01-jul-2015$fGBP26.63$g0$hP$5Uk
=ACF  \\$aPrevious copyright fee: GBP25.77$c22\3$e01-oct-2015$fGBP25.77$g0$hP$5Uk
=ACF  \\$aPrevious copyright fee: GBP27.55$c22\3$e01-apr-2016$fGBP27.55$g0$hP$5Uk
=ACF  \\$aPrevious copyright fee: GBP29.59$c22\3$e01-oct-2016$fGBP29.59$g0$hP$5Uk
=ACF  \\$aPrevious copyright fee: GBP31.96$c22\3$e01-apr-2017$fGBP31.96$g0$hP$5Uk
=ACF  \\$aPrevious copyright fee: GBP30.73$c22\3$e01-oct-2017$fGBP30.73$g0$hP$5Uk
=ACF  \\$aPrevious copyright fee: GBP28.54$c22\3$e01-apr-2018$fGBP28.54$g0$hP$5Uk
=LAS  \\$aIPL-CLA$b00$c20221231$lBLL01$h1446

