=LDR  06780cas a2201405 a 4500
=001  013096542
=003  Uk
=005  20230502143554.0
=006  m\\\\\\\\d\\\\\\\\
=007  cr\cnu||||||||
=008  000204c199u9999gw\qr\pso\\\\\0\\\a0eng\c
=FMT  \\$a  SE
=010  \\$a2008233213
=022  0\$a1128-045X$l1123-6337$y1123-6337
=035  \\$a(OCoLC)43400131$z(OCoLC)60630389
=037  \\$a???$bSpringer
=040  \\$aVPI$cVPI$dOCLCQ$dOCL$dGUA$dOCLCS$dOCLCQ$dUk
=042  \\$aukblsr
=050  14$aRD544
=082  04$a617.5547$223
=130  0\$aTechniques in coloproctology (Online)
=222  \0$aTechniques in coloproctology$b(Online)
=245  10$aTechniques in coloproctology$h[electronic resource].
=260  \\$aMilan :$bSpringer
=260  3\$a[Berlin?] :$bSpringer Science + Media
=310  \\$aQuarterly,$b2006-
=321  \\$aThree times a year,$b-2005
=336  \\$atext$2rdacontent
=337  \\$acomputer$2rdamedia
=338  \\$aonline resource$2rdacarrier
=588  \\$aDescription based on: Vol. 3, no. 1 (June 1999); title from journal home page (SpringerLink, viewed Jan. 24, 2008).
=588  \\$aLatest issue consulted: Vol. 16, no. 1 (Sept. 2007) (viewed Mar. 20, 2012).
=525  \\$aSupplements accompany some issues.
=540  \\$aCurrent copyright fee: GBP34.95$c22\1$5Uk
=650  \0$aColon (Anatomy)$xSurgery$vPeriodicals.
=650  \0$aColon (Anatomy)$xDiseases$vPeriodicals.
=650  \0$aRectum$xDiseases$vPeriodicals.
=650  \0$aRectum$xSurgery$vPeriodicals.
=650  \0$aIrritable colon$vPeriodicals.
=710  2\$aUCP Club.
=710  2\$aMediterranean Society of Coloproctology.
=710  2\$aIsrael Society of Colon and Rectal Surgery.
=710  2\$aSocietà Italiana di Chirurgia Colo-Rettale.
=710  2\$aSociedad Mexicana de Coloproctología.
=710  2\$aNorth-Northeastern Society of Coloproctology (Brazil)
=710  2\$aSociety of Colorectal Surgeons (Singapore)
=776  08$iPrint version:$tTechniques in coloproctology$x1123-6337
=856  \\$31850-9999$uhttp://www.springer.com/gb/$xBLDSS
=856  40$uhttp://firstsearch.oclc.org$zAddress for accessing the journal using authorization number and password through OCLC FirstSearch Electronic Collections Online
=856  40$uhttp://firstsearch.oclc.org/journal=1123-6337;screen=info;ECOIP$zAddress for accessing the journal from an authorized IP address through OCLC FirstSearch Electronic Collections Online
=856  40$uhttp://www.springerlink.com/content/103535/
=859  \\$aXLD$bejournal
=859  \\$aELD$bejournal
=852  \\$aBritish Library$bDSC$j8743.875000$3Volume 5:Issue 3(2001)-Volume 22:Issue 2(2018)***See ESTAR for full holdings.
=852  41$aBritish Library$bHMNTS$jELD Digital store$3Volume 21:Issue 12(2017)-
=945  \\$aTECHNIQUES IN COLOPROCTOLOGY.
=959  \\$fHeld but not currently received
=979  \\$aBritish Library$bDSC$j8743.875000
=985  \\$aCONFERENCE ANALYTIC RECORDS EXIST
=CAT  \\$a7174$b40$c20050128$lBLL01$h1634
=CAT  \\$aBATCH-UPD$b00$c20150820$lBLL01$h1842
=CAT  \\$aIPL-CLA$c20150930$lBLL01$h1806
=CAT  \\$aBATCH-UPD$b00$c20160217$lBLL01$h1733
=CAT  \\$aIPL-CLA$c20160331$lBLL01$h1727
=CAT  \\$aBATCH-UPD$b00$c20160524$lBLL01$h2210
=CAT  \\$aBATCH-UPD$b00$c20160525$lBLL01$h0020
=CAT  \\$aBATCH-UPD$b00$c20160824$lBLL01$h1800
=CAT  \\$aIPL-CLA$c20160930$lBLL01$h1603
=CAT  \\$aBATCH-UPD$b00$c20170216$lBLL01$h1848
=CAT  \\$aIPL-CLA$c20170331$lBLL01$h1844
=CAT  \\$aBATCH-UPD$b00$c20170904$lBLL01$h1858
=CAT  \\$aIPL-CLA$c20170929$lBLL01$h1729
=CAT  \\$aBATCH-UPD$b00$c20180223$lBLL01$h1731
=CAT  \\$aIPL-CLA$c20180331$lBLL01$h1620
=CAT  \\$aW1805-0475$c20180520$lBLL01$h1631
=CAT  \\$aBATCH-UPD$b00$c20180524$lBLL01$h1718
=CAT  \\$aIPL-CLA$c20180630$lBLL01$h1916
=CAT  \\$aW1908-0780$b00$c20200730$lBLL01$h1328
=CAT  \\$a15005$b40$c20210408$lBLL01$h1505
=CAT  \\$a5552$b40$c20210824$lBLL01$h1420
=CAT  \\$aIPL-CLA$c20210930$lBLL01$h1528
=CAT  \\$aCDS21$c20220118$lBLL01$h1105
=CAT  \\$aBATCH-UPD$b00$c20221121$lBLL01$h1411
=CAT  \\$aIPL-CLA$c20221231$lBLL01$h1446
=CAT  \\$a5410$b40$c20230502$lBLL01$h1435
=CFI  0\$aCurrent copyright fee: GBP34.95$c22\1$e01-jan-2023$fGBP34.95$g0$hP$5Uk
=CFI  2\$aPrevious copyright fee: GBP43.00$c22\1$e01-oct-2021$fGBP43.00$g0$hP$5Uk
=EST  \\$a1
=FFP  \\$aY$bBLDSS-3PM
=FIN  \\$aY$d20120320
=LKR  \\$aPAR$b011132708$lBLL01$r776$mTechniques in coloproctology (Online)$nTechniques in coloproctology (Print)
=MNI  \\$a1123-6337
=SID  \\$aZ39$bOCLC
=TCO  \\$aZZZ$c008
=TCO  \\$aITA$bAIDRO / SIAE$c008
=TOC  \\$aETOC
=UNO  \\$aY
=ACF  \\$aPrevious copyright fee: GBP21.25$c22\6$e01-jan-2009$fGBP21.25$g0$hP$5Uk
=ACF  \\$aPrevious copyright fee: GBP16.75$c22\6$e01-jan-2007$fGBP16.75$g0$hP$5Uk
=ACF  \\$aPrevious copyright fee: GBP16.22$c22\6$e01-oct-2006$fGBP16.22$g0$hP$5Uk
=ACF  \\$aPrevious copyright fee: GBP17.14$c22\6$e01-apr-2006$fGBP17.14$g0$hP$5Uk
=ACF  \\$aPrevious copyright fee: GBP16.67$c22\6$e01-jan-2006$fGBP16.67$g0$hP$5Uk
=ACF  \\$aPrevious copyright fee: GBP16.22$c22\6$e01-apr-2005$fGBP16.22$g0$hP$5Uk
=ACF  \\$aPrevious copyright fee: GBP16.67$c22\6$e01-jan-2005$fGBP16.67$g0$hP$5Uk
=ACF  \\$aPrevious copyright fee: GBP22.00$c22\6$e01-apr-2009$fGBP22.00$g0$hP$5Uk
=ACF  \\$aPrevious copyright fee: GBP22.00$c22\6$e12-aug-2012$fGBP22.00$g0$hP$5Uk
=ACF  \\$aPrevious copyright fee: GBP25.00$c22\6$e01-jan-2013$fGBP25.00$g0$hP$5Uk
=ACF  \\$aPrevious copyright fee: GBP25.77$c22\6$e01-jul-2013$fGBP25.77$g0$hP$5Uk
=ACF  \\$aPrevious copyright fee: GBP24.97$c22\6$e01-jan-2014$fGBP24.97$g0$hP$5Uk
=ACF  \\$aPrevious copyright fee: GBP24.21$c22\6$e01-jul-2014$fGBP24.21$g0$hP$5Uk
=ACF  \\$aPrevious copyright fee: GBP25.77$c22\6$e01-apr-2015$fGBP25.77$g0$hP$5Uk
=ACF  \\$aPrevious copyright fee: GBP26.63$c22\6$e01-jul-2015$fGBP26.63$g0$hP$5Uk
=ACF  \\$aPrevious copyright fee: GBP25.77$c22\6$e01-oct-2015$fGBP25.77$g0$hP$5Uk
=ACF  \\$aPrevious copyright fee: GBP27.55$c22\6$e01-apr-2016$fGBP27.55$g0$hP$5Uk
=ACF  \\$aPrevious copyright fee: GBP29.59$c22\6$e01-oct-2016$fGBP29.59$g0$hP$5Uk
=ACF  \\$aPrevious copyright fee: GBP31.96$c22\6$e01-apr-2017$fGBP31.96$g0$hP$5Uk
=ACF  \\$aPrevious copyright fee: GBP30.73$c22\6$e01-oct-2017$fGBP30.73$g0$hP$5Uk
=ACF  \\$aPrevious copyright fee: GBP28.54$c22\6$e01-apr-2018$fGBP28.54$g0$hP$5Uk
=ACF  \\$aPrevious copyright fee: GBP34.00$c22\1$e01-jul-2018$fGBP34.00$g0$hP$5Uk
=LAS  \\$a5410$b40$c20230502$lBLL01$h1435

