=LDR  06862cas a2201381 a 4500
=001  013097438
=003  Uk
=005  20230519193331.0
=006  m\\\\\\\\d\\\\\\\\
=007  cr\cnu||||||||
=008  000222c19959999gw\br\pso\\\\\0\\\b0ger\c
=FMT  \\$a  SE
=010  \\$a2004700252
=016  \\$a011788363
=022  0\$a1435-1269$l0948-6704$y0948-6704
=035  \\$a(OCoLC)43497026$z(OCoLC)45479215$z(OCoLC)696773253
=037  \\$a???$bSpringer
=040  \\$aGAT$cGAT$dOCLCQ$dTJC$dOCLCQ$dTJC$dOCLCS$dOCL$dVRC$dOCLCQ$dM6U$dCSU$dDLC$dUKMGB$dUk
=041  0\$ager$aeng
=042  \\$aukblsr
=050  14$aRC952
=082  04$a618.97$223
=130  0\$aZeitschrift für Gerontologie und Geriatrie (Online)
=222  \0$aZeitschrift für Gerontologie und Geriatrie$b(Internet)
=245  10$aZeitschrift für Gerontologie und Geriatrie$h[electronic resource].
=246  30$aGerontologie und Geriatrie
=260  \\$a[Darmstadt] :$bSteinkopff
=260  3\$a[Heidelberg] :$bSpringer Science + Media
=310  \\$aBimonthly
=336  \\$atext$2rdacontent
=337  \\$acomputer$2rdamedia
=338  \\$aonline resource$2rdacarrier
=362  1\$aPrint began with Bd. 28, Heft 1 (Jan./Feb. 1995).
=588  \\$aDescription based on: Bd. 31, Nr. 1 (Feb. 1998); title from table of contents screen (SpringerLink, viewed May 6, 2004).
=588  \\$aLatest issue consulted: Bd. 45, Nr. 2 (Feb. 2012) (viewed Mar. 20, 2012).
=530  \\$aAlso issued in print.
=546  \\$aChiefly in German with some English; summaries in English.
=550  \\$aOrgan der Deutschen Gesellschaft für Gerontologie und Geriatrie.
=540  \\$aCurrent copyright fee: GBP34.95$c22\1$5Uk
=650  \0$aGeriatrics$vPeriodicals.
=653  \\$aLINK$aText files.
=653  \\$aTitles of electronic journals.
=710  2\$aDeutsche Gesellschaft für Gerontologie und Geriatrie.
=776  1\$tZeitschrift für Gerontologie und Geriatrie$x0948-6704
=856  \\$31850-9999$uhttp://www.springer.com/gb/$xBLDSS
=856  40$uhttp://firstsearch.oclc.org$zAddress for accessing the journal using authorization number and password through OCLC FirstSearch Electronic Collections Online
=856  40$uhttp://firstsearch.oclc.org/journal=0948-6704;screen=info;ECOIP$zAddress for accessing the journal from an authorized IP address through OCLC FirstSearch Electronic Collections Online
=856  40$uhttp://link.springer.de/link/service/journals/00391/index.htm
=856  40$uhttp://www.springerlink.com/content/0948-6704/
=856  40$uhttp://www.springerlink.com/openurl.asp?genre=journal&issn=0948-6704
=859  \\$aXLD$bejournal
=859  \\$aELD$bejournal
=852  \\$aBritish Library$bDSC$j9462.740050$3Volume 34:Issue 2(2001)-Volume 51:Issue 2(2018)***See ESTAR for full holdings.
=852  41$aBritish Library$bHMNTS$jELD Digital store$3Volume 50:Issue 8(2017)-
=945  \\$aZEITSCHRIFT FUR GERONTOLOGIE UND GERIATRIE.
=959  \\$fHeld but not currently received
=979  \\$aBritish Library$bDSC$j9462.740050
=CAT  \\$a7174$b40$c20050131$lBLL01$h1343
=CAT  \\$aBATCH-UPD$b00$c20160217$lBLL01$h1748
=CAT  \\$aIPL-CLA$c20160331$lBLL01$h1727
=CAT  \\$aBATCH-UPD$b00$c20160524$lBLL01$h2210
=CAT  \\$aBATCH-UPD$b00$c20160525$lBLL01$h0020
=CAT  \\$aBATCH-016$c20160608$lBLL01$h1430
=CAT  \\$aBATCH-UPD$b00$c20160824$lBLL01$h1815
=CAT  \\$aIPL-CLA$c20160930$lBLL01$h1603
=CAT  \\$aBATCH-UPD$b00$c20170216$lBLL01$h1904
=CAT  \\$aIPL-CLA$c20170331$lBLL01$h1844
=CAT  \\$aBATCH-UPD$b00$c20170904$lBLL01$h1916
=CAT  \\$aIPL-CLA$c20170929$lBLL01$h1729
=CAT  \\$aBATCH-UPD$b00$c20180223$lBLL01$h1747
=CAT  \\$aIPL-CLA$c20180331$lBLL01$h1620
=CAT  \\$aW1805-0475$c20180520$lBLL01$h1631
=CAT  \\$aBATCH-UPD$b00$c20180524$lBLL01$h1733
=CAT  \\$aIPL-CLA$c20180630$lBLL01$h1916
=CAT  \\$aW1908-0780$b00$c20200730$lBLL01$h1328
=CAT  \\$a15005$b40$c20201215$lBLL01$h1505
=CAT  \\$a14586$b40$c20210104$lBLL01$h1512
=CAT  \\$a5552$b40$c20210823$lBLL01$h1438
=CAT  \\$aIPL-CLA$c20210930$lBLL01$h1528
=CAT  \\$aCDS21$c20220118$lBLL01$h1105
=CAT  \\$aBATCH-UPD$b00$c20221121$lBLL01$h1411
=CAT  \\$aIPL-CLA$c20221231$lBLL01$h1446
=CAT  \\$a5410$b40$c20230519$lBLL01$h1933
=CFI  0\$aCurrent copyright fee: GBP34.95$c22\1$e01-jan-2023$fGBP34.95$g0$hP$5Uk
=CFI  2\$aPrevious copyright fee: GBP43.00$c22\1$e01-oct-2021$fGBP43.00$g0$hP$5Uk
=EST  \\$a1
=FFP  \\$aY$bBLDSS-3PM
=FIN  \\$aY$d20120320
=LKR  \\$aPAR$b011788363$lBLL01$r776$mZeitschrift für gerontologie und geriatrie (Online)$nZeitschrift für gerontologie und geriatrie (Print)
=MNI  \\$a0948-6704
=SID  \\$aZ39$bOCLC
=TCO  \\$aZZZ$c008
=TCO  \\$aDEU$bVG WORT$c008
=TOC  \\$aETOC
=UNO  \\$aY
=ACF  \\$aPrevious copyright fee: GBP21.25$c23\7$e01-jan-2009$fGBP21.25$g0$hP$5Uk
=ACF  \\$aPrevious copyright fee: GBP16.75$c23\7$e01-jan-2007$fGBP16.75$g0$hP$5Uk
=ACF  \\$aPrevious copyright fee: GBP16.22$c23\7$e01-oct-2006$fGBP16.22$g0$hP$5Uk
=ACF  \\$aPrevious copyright fee: GBP17.14$c23\7$e01-apr-2006$fGBP17.14$g0$hP$5Uk
=ACF  \\$aPrevious copyright fee: GBP16.67$c23\7$e01-jan-2006$fGBP16.67$g0$hP$5Uk
=ACF  \\$aPrevious copyright fee: GBP16.22$c23\7$e01-apr-2005$fGBP16.22$g0$hP$5Uk
=ACF  \\$aPrevious copyright fee: GBP16.67$c23\7$e01-jan-2005$fGBP16.67$g0$hP$5Uk
=ACF  \\$aPrevious copyright fee: GBP22.00$c23\7$e01-apr-2009$fGBP22.00$g0$hP$5Uk
=ACF  \\$aPrevious copyright fee: GBP22.00$c23\7$e12-aug-2012$fGBP22.00$g0$hP$5Uk
=ACF  \\$aPrevious copyright fee: GBP25.00$c23\7$e01-jan-2013$fGBP25.00$g0$hP$5Uk
=ACF  \\$aPrevious copyright fee: GBP25.77$c23\7$e01-jul-2013$fGBP25.77$g0$hP$5Uk
=ACF  \\$aPrevious copyright fee: GBP24.97$c23\7$e01-jan-2014$fGBP24.97$g0$hP$5Uk
=ACF  \\$aPrevious copyright fee: GBP24.21$c23\7$e01-jul-2014$fGBP24.21$g0$hP$5Uk
=ACF  \\$aPrevious copyright fee: GBP25.77$c23\7$e01-apr-2015$fGBP25.77$g0$hP$5Uk
=ACF  \\$aPrevious copyright fee: GBP26.63$c23\7$e01-jul-2015$fGBP26.63$g0$hP$5Uk
=ACF  \\$aPrevious copyright fee: GBP25.77$c23\7$e01-oct-2015$fGBP25.77$g0$hP$5Uk
=ACF  \\$aPrevious copyright fee: GBP27.55$c23\7$e01-apr-2016$fGBP27.55$g0$hP$5Uk
=ACF  \\$aPrevious copyright fee: GBP29.59$c23\7$e01-oct-2016$fGBP29.59$g0$hP$5Uk
=ACF  \\$aPrevious copyright fee: GBP31.96$c23\7$e01-apr-2017$fGBP31.96$g0$hP$5Uk
=ACF  \\$aPrevious copyright fee: GBP30.73$c23\7$e01-oct-2017$fGBP30.73$g0$hP$5Uk
=ACF  \\$aPrevious copyright fee: GBP28.54$c23\7$e01-apr-2018$fGBP28.54$g0$hP$5Uk
=ACF  \\$aPrevious copyright fee: GBP34.00$c22\1$e01-jul-2018$fGBP34.00$g0$hP$5Uk
=LAS  \\$a5410$b40$c20230519$lBLL01$h1933

