=LDR  05929cas a2201249 a 4500
=001  013097442
=003  Uk
=005  20221231144602.0
=006  m\\\\\\\\d\\\\\\\\
=007  cr\cnu||||||||
=008  000218c19999999gw\qx\pso\\\\\0\\\a0eng\c
=FMT  \\$a  SE
=010  \\$a2001229258
=022  0\$a1436-378X$l1436-3798$y1436-3798
=035  \\$a(OCoLC)43484868
=037  \\$a???$bSpringer
=040  \\$aGAT$cGAT$dFUG$dOCLCQ$dMUQ$dCGU$dOCL$dOCLCQ$dUk
=042  \\$aukblsr
=050  \4$aGE149
=082  04$a333.7$223
=130  0\$aRegional environmental change (Online)
=222  \0$aRegional environmental change$b(Internet)
=245  10$aRegional environmental change$h[electronic resource].
=260  \\$aBerlin :$bSpringer,$cc1999-
=310  \\$a4 issues per year
=336  \\$atext$2rdacontent
=337  \\$acomputer$2rdamedia
=338  \\$aonline resource$2rdacarrier
=362  0\$aVol. 1, no. 1 (1999)-
=588  \\$aTitle from title screen (viewed Feb. 18, 2000).
=588  \\$aLatest issue consulted: Vol. 12, no. 1 (Mar. 2012) (SpringerLink, viewed Mar. 20, 2012).
=530  \\$aAlso issued in print.
=540  \\$aCurrent copyright fee: GBP29.95$c22\1$5Uk
=650  \0$aGlobal environmental change$vPeriodicals.
=650  \0$aNature$xEffect of human beings on$vPeriodicals.
=650  \6$aChangement global (Environnement)$vPériodiques.
=650  \6$aHomme$xInfluence sur la nature$vPériodiques.
=776  1\$tRegional environmental change$x1436-3798
=859  \\$aELD$bejournal
=856  \\$31850-9999$uhttp://www.springer.com/gb/$xBLDSS
=856  40$uhttp://firstsearch.oclc.org$zAddress for accessing the journal using authorization number and password through OCLC FirstSearch Electronic Collections Online
=856  40$uhttp://firstsearch.oclc.org/journal=1436-3798;screen=info;ECOIP$zAddress for accessing the journal from an authorized IP address through OCLC FirstSearch Electronic Collections Online
=856  40$uhttp://www.metapress.com/link.asp?id=103880
=856  40$uhttp://www.springerlink.com/content/1436-3798/
=856  40$uhttp://link.springer-ny.com/link/service/journals/10113/index.htm$zAvailable online, 1999-:
=859  \\$aXLD$bejournal
=852  41$aBritish Library$bDSC$j7336.606300$3Volume 2:Number 2(2001)-Volume 18:Issue 2(2018)***See ESTAR for full holdings.
=852  41$aBritish Library$bHMNTS$jELD Digital store$3Volume 18:Issue 1(2018)-
=945  \\$aRegional environmental change
=959  \\$fHeld but not currently received
=979  \\$aBritish Library$bDSC$j7336.606300
=CAT  \\$a8335$b40$c20050131$lBLL01$h1346
=CAT  \\$aBATCH-UPD$b00$c20150520$lBLL01$h1750
=CAT  \\$aIPL-CLA$c20150630$lBLL01$h1646
=CAT  \\$aBATCH-UPD$b00$c20150820$lBLL01$h1837
=CAT  \\$aIPL-CLA$c20150930$lBLL01$h1806
=CAT  \\$aBATCH-UPD$b00$c20160217$lBLL01$h1727
=CAT  \\$aIPL-CLA$c20160331$lBLL01$h1727
=CAT  \\$aBATCH-UPD$b00$c20160518$lBLL01$h1358
=CAT  \\$aBATCH-UPD$b00$c20160524$lBLL01$h2210
=CAT  \\$aBATCH-UPD$b00$c20160824$lBLL01$h1755
=CAT  \\$aIPL-CLA$c20160930$lBLL01$h1603
=CAT  \\$aBATCH-UPD$b00$c20170216$lBLL01$h1843
=CAT  \\$aIPL-CLA$c20170331$lBLL01$h1844
=CAT  \\$aBATCH-UPD$b00$c20170904$lBLL01$h1851
=CAT  \\$aIPL-CLA$c20170929$lBLL01$h1729
=CAT  \\$aBATCH-UPD$b00$c20180223$lBLL01$h1720
=CAT  \\$aIPL-CLA$c20180331$lBLL01$h1620
=CAT  \\$aW1805-0475$c20180520$lBLL01$h1631
=CAT  \\$aBATCH-UPD$b00$c20180524$lBLL01$h1714
=CAT  \\$aIPL-CLA$c20180630$lBLL01$h1916
=CAT  \\$aW1908-0780$b00$c20200730$lBLL01$h1328
=CAT  \\$a15190$b40$c20210409$lBLL01$h0929
=CAT  \\$aCDS21$c20220118$lBLL01$h1105
=CAT  \\$aBATCH-UPD$b00$c20221121$lBLL01$h1400
=CAT  \\$a5410$b40$c20221126$lBLL01$h1542
=CAT  \\$aIPL-CLA$c20221231$lBLL01$h1446
=CFI  0\$aCurrent copyright fee: GBP29.95$c22\1$e01-jan-2023$fGBP29.95$g0$hP$5Uk
=CFI  2\$aPrevious copyright fee: GBP34.00$c22\1$e01-jul-2018$fGBP34.00$g0$hP$5Uk
=EST  \\$a1
=FFP  \\$aY$bBLDSS-3PM
=FIN  \\$aY$d20120320
=LKR  \\$aPAR$b008558372$lBLL01$r776$mRegional environmental change (Online)$nRegional environmental change (Print)
=MNI  \\$a1436-3798
=SID  \\$aZ39$bOCLC
=TCO  \\$aZZZ$c008
=TCO  \\$aTRS$bCCC$c008
=TOC  \\$aETOC
=UNO  \\$aY
=ACF  \\$aPrevious copyright fee: GBP16.67$c22\3$e01-jan-2006$fGBP16.67$g0$hP$5Uk
=ACF  \\$aPrevious copyright fee: GBP16.22$c22\3$e01-apr-2005$fGBP16.22$g0$hP$5Uk
=ACF  \\$aPrevious copyright fee: GBP16.67$c22\3$e01-jan-2005$fGBP16.67$g0$hP$5Uk
=ACF  \\$aPrevious copyright fee: GBP17.14$c22\3$e01-apr-2006$fGBP17.14$g0$hP$5Uk
=ACF  \\$aPrevious copyright fee: GBP22.00$c22\3$e12-aug-2012$fGBP22.00$g0$hP$5Uk
=ACF  \\$aPrevious copyright fee: GBP25.00$c22\3$e01-jan-2013$fGBP25.00$g0$hP$5Uk
=ACF  \\$aPrevious copyright fee: GBP25.77$c22\3$e01-jul-2013$fGBP25.77$g0$hP$5Uk
=ACF  \\$aPrevious copyright fee: GBP24.97$c22\3$e01-jan-2014$fGBP24.97$g0$hP$5Uk
=ACF  \\$aPrevious copyright fee: GBP24.21$c22\3$e01-jul-2014$fGBP24.21$g0$hP$5Uk
=ACF  \\$aPrevious copyright fee: GBP25.77$c22\3$e01-apr-2015$fGBP25.77$g0$hP$5Uk
=ACF  \\$aPrevious copyright fee: GBP26.63$c22\3$e01-jul-2015$fGBP26.63$g0$hP$5Uk
=ACF  \\$aPrevious copyright fee: GBP25.77$c22\3$e01-oct-2015$fGBP25.77$g0$hP$5Uk
=ACF  \\$aPrevious copyright fee: GBP27.55$c22\3$e01-apr-2016$fGBP27.55$g0$hP$5Uk
=ACF  \\$aPrevious copyright fee: GBP29.59$c22\3$e01-oct-2016$fGBP29.59$g0$hP$5Uk
=ACF  \\$aPrevious copyright fee: GBP31.96$c22\3$e01-apr-2017$fGBP31.96$g0$hP$5Uk
=ACF  \\$aPrevious copyright fee: GBP30.73$c22\3$e01-oct-2017$fGBP30.73$g0$hP$5Uk
=ACF  \\$aPrevious copyright fee: GBP28.54$c22\3$e01-apr-2018$fGBP28.54$g0$hP$5Uk
=LAS  \\$aIPL-CLA$b00$c20221231$lBLL01$h1446

