=LDR  06078cas a2201333 a 4500
=001  013097669
=003  Uk
=005  20230501201308.0
=006  m\\\\\\\\d\\\\\\\\
=007  cr\cnu||||||||
=008  980930c19689999gw\mr\pso\\\\\0\\\a0eng\c
=FMT  \\$a  SE
=010  \\$a00227318
=022  0\$a1432-2242$l0040-5752$y0040-5752
=035  \\$a(OCoLC)39970596
=037  \\$a???$bSpringer
=040  \\$aPIT$cPIT$dEYM$dOCLCQ$dMUQ$dOCL$dOCLCQ{dollar}dUk
=041  0\$aeng$ager
=042  \\$aukblsr
=050  14$aSB123$b.Z8
=082  04$a576.505$223
=130  0\$aTheoretical and applied genetics (Online)
=222  \0$aTheoretical and applied genetics$b(Internet)
=245  10$aTheoretical and applied genetics$h[electronic resource] :$bTAG.
=246  30$aTAG
=246  13$aTAG, theoretical and applied genetics
=260  \\$aBerlin :$bSpringer
=310  \\$aMonthly
=336  \\$atext$2rdacontent
=337  \\$acomputer$2rdamedia
=338  \\$aonline resource$2rdacarrier
=362  1\$aPrint began with vol. 38, no. 1/2, published in 1968.
=588  \\$aDescription based on: Vol. 94, issue 2 (1997); title from title screen (viewed Oct. 18, 2000).
=588  \\$aLatest issue consulted: Vol. 123, issue 8 (Dec. 2011) (SpringerLink, viewed Dec. 13, 2011).
=580  \\$aIncludes issues of earlier title: Der Züchter.
=530  \\$aAlso issued on microfilm by University Microfilms International.
=530  \\$aAlso issued in print.
=538  \\$aMode of access: World Wide Web.
=546  \\$aEnglish and German.
=540  \\$aCurrent copyright fee: GBP29.95$c22\1$5Uk
=650  \0$aGenetics$vPeriodicals.
=650  \0$aBreeding$vPeriodicals.
=650  \6$aAmélioration génétique$vPériodiques.
=650  \6$aGénétique$vPériodiques.
=776  1\$tTheoretical and applied genetics$x0040-5752
=780  00$tZüchter$c(Online)
=856  \\$31850-9999$uhttp://www.springer.com/gb/$xBLDSS
=856  40$uhttp://link.springer-ny.com/link/service/journals/00122/index.htm
=856  40$uhttp://link.springer.de/link/service/journals/00122/index.htm
=856  40$uhttp://www.springerlink.com/content/0040-5752/$zIncludes issues of earlier title: Der Züchter
=859  \\$aXLD$bejournal
=859  \\$aELD$bejournal
=852  41$aBritish Library$bDSC$j8814.552000$3Volume 94:Issue 1(1997)-Volume 131:Issue 4(2018)***See ESTAR for full holdings.
=852  41$aBritish Library$bHMNTS$jELD Digital store$3Volume 131:Issue 1(2018)-
=945  \\$aTheoretical and applied genetics
=959  \\$fHeld but not currently received
=979  \\$aBritish Library$bDSC$j8814.552000
=CAT  \\$a8335$b40$c20050131$lBLL01$h1539
=CAT  \\$aBATCH-UPD$b00$c20150520$lBLL01$h1750
=CAT  \\$aIPL-CLA$c20150630$lBLL01$h1646
=CAT  \\$aBATCH-UPD$b00$c20150820$lBLL01$h1837
=CAT  \\$aIPL-CLA$c20150930$lBLL01$h1806
=CAT  \\$aBATCH-UPD$b00$c20160217$lBLL01$h1727
=CAT  \\$aIPL-CLA$c20160331$lBLL01$h1727
=CAT  \\$aBATCH-UPD$b00$c20160518$lBLL01$h1038
=CAT  \\$aBATCH-UPD$b00$c20160524$lBLL01$h2210
=CAT  \\$aBATCH-UPD$b00$c20160824$lBLL01$h1755
=CAT  \\$aIPL-CLA$c20160930$lBLL01$h1603
=CAT  \\$aBATCH-UPD$b00$c20170216$lBLL01$h1843
=CAT  \\$aIPL-CLA$c20170331$lBLL01$h1844
=CAT  \\$aBATCH-UPD$b00$c20170904$lBLL01$h1851
=CAT  \\$aIPL-CLA$c20170929$lBLL01$h1729
=CAT  \\$aBATCH-UPD$b00$c20180223$lBLL01$h1720
=CAT  \\$aIPL-CLA$c20180331$lBLL01$h1620
=CAT  \\$aW1805-0475$c20180520$lBLL01$h1631
=CAT  \\$aBATCH-UPD$b00$c20180524$lBLL01$h1714
=CAT  \\$aIPL-CLA$c20180630$lBLL01$h1916
=CAT  \\$aW1908-0780$b00$c20200730$lBLL01$h1328
=CAT  \\$a15005$b40$c20210302$lBLL01$h1111
=CAT  \\$aCDS21$c20220118$lBLL01$h1105
=CAT  \\$aBATCH-UPD$b00$c20221121$lBLL01$h1400
=CAT  \\$aIPL-CLA$c20221231$lBLL01$h1446
=CAT  \\$a5410$b40$c20230501$lBLL01$h2013
=CFI  0\$aCurrent copyright fee: GBP29.95$c22\1$e01-jan-2023$fGBP29.95$g0$hP$5Uk
=CFI  2\$aPrevious copyright fee: GBP34.00$c22\1$e01-jul-2018$fGBP34.00$g0$hP$5Uk
=EST  \\$a1
=FFP  \\$aY$bBLDSS-3PM
=FIN  \\$aY$d20111213
=LKR  \\$aPAR$b011135726$lBLL01$r776$mTheoretical and applied genetics (Online)$nTheoretical and applied genetics (Print).
=MNI  \\$a0040-5752
=SID  \\$aZ39$bOCLC
=TCO  \\$aZZZ$c008
=TCO  \\$aDEU$bVG WORT$c008
=TOC  \\$aETOC
=UNO  \\$aY
=ACF  \\$aPrevious copyright fee: GBP17.14$c22\3$e01-apr-2006$fGBP17.14$g0$hP$5Uk
=ACF  \\$aPrevious copyright fee: GBP16.67$c22\3$e01-jan-2006$fGBP16.67$g0$hP$5Uk
=ACF  \\$aPrevious copyright fee: GBP16.22$c22\3$e01-apr-2005$fGBP16.22$g0$hP$5Uk
=ACF  \\$aPrevious copyright fee: GBP16.67$c22\3$e01-jan-2005$fGBP16.67$g0$hP$5Uk
=ACF  \\$aPrevious copyright fee: GBP22.00$c22\3$e08-sep-2011$fGBP22.00$g0$hP$5Uk
=ACF  \\$aPrevious copyright fee: GBP22.00$c22\3$e12-aug-2012$fGBP22.00$g0$hP$5Uk
=ACF  \\$aPrevious copyright fee: GBP25.00$c22\3$e01-jan-2013$fGBP25.00$g0$hP$5Uk
=ACF  \\$aPrevious copyright fee: GBP25.77$c22\3$e01-jul-2013$fGBP25.77$g0$hP$5Uk
=ACF  \\$aPrevious copyright fee: GBP24.97$c22\3$e01-jan-2014$fGBP24.97$g0$hP$5Uk
=ACF  \\$aPrevious copyright fee: GBP24.21$c22\3$e01-jul-2014$fGBP24.21$g0$hP$5Uk
=ACF  \\$aPrevious copyright fee: GBP25.77$c22\3$e01-apr-2015$fGBP25.77$g0$hP$5Uk
=ACF  \\$aPrevious copyright fee: GBP26.63$c22\3$e01-jul-2015$fGBP26.63$g0$hP$5Uk
=ACF  \\$aPrevious copyright fee: GBP25.77$c22\3$e01-oct-2015$fGBP25.77$g0$hP$5Uk
=ACF  \\$aPrevious copyright fee: GBP27.55$c22\3$e01-apr-2016$fGBP27.55$g0$hP$5Uk
=ACF  \\$aPrevious copyright fee: GBP29.59$c22\3$e01-oct-2016$fGBP29.59$g0$hP$5Uk
=ACF  \\$aPrevious copyright fee: GBP31.96$c22\3$e01-apr-2017$fGBP31.96$g0$hP$5Uk
=ACF  \\$aPrevious copyright fee: GBP30.73$c22\3$e01-oct-2017$fGBP30.73$g0$hP$5Uk
=ACF  \\$aPrevious copyright fee: GBP28.54$c22\3$e01-apr-2018$fGBP28.54$g0$hP$5Uk
=LAS  \\$a5410$b40$c20230501$lBLL01$h2013

