=LDR  05668cas a2201249 a 4500
=001  013101031
=003  Uk
=005  20221231144604.0
=006  m\\\\\\\\d\\\\\\\\
=007  cr\mnu||||||||
=008  980930c19959999gw\mr\pss\\\\\0\\\a0engsc
=FMT  \\$a  SE
=010  \\$a2004233402
=022  \\$a1432-2315$y0178-2789
=035  \\$a(OCoLC)39966969
=037  \\$a???$bSpringer
=040  \\$aPIT$cPIT$dOCL$dOCLCQ$dEYM$dOCLCQ$dGUA$dOCLCQ$dHNK$dOCL$dHNK$dOCL$dOCLCQ$dUk
=050  14$aT385$b.V57
=082  04$a006.6$223
=130  0\$aVisual computer (Online)
=222  \4$aThe visual computer$b(Internet)
=245  14$aThe visual computer$h[electronic resource].
=260  \\$aBerlin :$bSpringer
=310  \\$aTwelve no. a year,$b2005-
=321  \\$aFrequency varies,$b-2004
=336  \\$atext$2rdacontent
=337  \\$acomputer$2rdamedia
=338  \\$aonline resource$2rdacarrier
=362  1\$aPrint began with vol. 1, no. 1 (July 1985).
=550  \\$aOfficial journal of the Computer Graphics Society.
=500  \\$aDescription based on: Vol. 12, no. 8 (Oct. 1996); title from contents screen (Springer LINK, viewed Mar. 16, 2004).
=500  \\$aLatest issue consulted: Vol. 22, no. 1 (Jan. 2006).
=515  \\$aSome issues combined.
=540  \\$aCurrent copyright fee: GBP29.95$c22\1$5Uk
=650  \0$aComputer graphics$vPeriodicals.
=650  \0$aComputer drawing$vPeriodicals.
=650  \0$aImage processing$xDigital techniques$vPeriodicals.
=650  \0$aComputer vision$vPeriodicals.
=650  \0$aVirtual reality$vPeriodicals.
=710  2\$aComputer Graphics Society.
=776  08$iPrint version:$tVisual computer$x0178-2789
=856  \\$31850-9999$uhttp://www.springer.com/gb/$xBLDSS
=856  40$uhttp://firstsearch.oclc.org$zAddress for accessing the journal using authorization number and password through OCLC FirstSearch Electronic Collections Online
=856  40$uhttp://www.springerlink.com/content/0178-2789
=856  40$uhttp://www.springerlink.com/link.asp?id=100388
=859  \\$aXLD$bejournal
=859  \\$aELD$bejournal
=852  41$aBritish Library$bDSC$j9241.235000$3Volume 15:Issue 7/8(1999)-Volume 34:Issue 4(2018)***See ESTAR for full holdings.
=852  41$aBritish Library$bHMNTS$jELD Digital store$3Volume 34:Issue 12(2018)-
=945  \\$aVisual computer
=959  \\$fHeld but not currently received
=979  \\$aBritish Library$bDSC$j9241.235000
=CAT  \\$a8335$b40$c20050202$lBLL01$h1114
=CAT  \\$aBATCH-UPD$b00$c20150520$lBLL01$h1750
=CAT  \\$aIPL-CLA$c20150630$lBLL01$h1646
=CAT  \\$aBATCH-UPD$b00$c20150820$lBLL01$h1837
=CAT  \\$aIPL-CLA$c20150930$lBLL01$h1806
=CAT  \\$aBATCH-UPD$b00$c20160217$lBLL01$h1727
=CAT  \\$aIPL-CLA$c20160331$lBLL01$h1727
=CAT  \\$aBATCH-UPD$b00$c20160518$lBLL01$h1101
=CAT  \\$aBATCH-UPD$b00$c20160524$lBLL01$h2210
=CAT  \\$aBATCH-UPD$b00$c20160824$lBLL01$h1755
=CAT  \\$aIPL-CLA$c20160930$lBLL01$h1603
=CAT  \\$aBATCH-UPD$b00$c20170216$lBLL01$h1843
=CAT  \\$aIPL-CLA$c20170331$lBLL01$h1844
=CAT  \\$aBATCH-UPD$b00$c20170904$lBLL01$h1851
=CAT  \\$aIPL-CLA$c20170929$lBLL01$h1729
=CAT  \\$aBATCH-UPD$b00$c20180223$lBLL01$h1720
=CAT  \\$aIPL-CLA$c20180331$lBLL01$h1620
=CAT  \\$aW1805-0475$c20180520$lBLL01$h1631
=CAT  \\$aBATCH-UPD$b00$c20180524$lBLL01$h1714
=CAT  \\$aIPL-CLA$c20180630$lBLL01$h1916
=CAT  \\$aW1908-0780$b00$c20200730$lBLL01$h1328
=CAT  \\$a15005$b40$c20210302$lBLL01$h1457
=CAT  \\$aCDS21$c20220118$lBLL01$h1105
=CAT  \\$aBATCH-UPD$b00$c20221121$lBLL01$h1400
=CAT  \\$a5410$b40$c20221212$lBLL01$h1117
=CAT  \\$aIPL-CLA$c20221231$lBLL01$h1446
=CFI  0\$aCurrent copyright fee: GBP29.95$c22\1$e01-jan-2023$fGBP29.95$g0$hP$5Uk
=CFI  2\$aPrevious copyright fee: GBP34.00$c22\1$e01-jul-2018$fGBP34.00$g0$hP$5Uk
=EST  \\$a1
=FFP  \\$aY$bBLDSS-3PM
=FIN  \\$aY$d20120329
=MNI  \\$a0178-2789
=SID  \\$aZ39$bOCLC
=TCO  \\$aZZZ$c008
=TCO  \\$aDEU$bVG WORT$c008
=TOC  \\$aETOC
=UNO  \\$aY
=ACF  \\$aPrevious copyright fee: GBP16.67$c22\3$e01-jan-2006$fGBP16.67$g0$hP$5Uk
=ACF  \\$aPrevious copyright fee: GBP16.22$c22\3$e01-apr-2005$fGBP16.22$g0$hP$5Uk
=ACF  \\$aPrevious copyright fee: GBP16.67$c22\3$e01-jan-2005$fGBP16.67$g0$hP$5Uk
=ACF  \\$aPrevious copyright fee: GBP17.14$c22\3$e01-apr-2006$fGBP17.14$g0$hP$5Uk
=ACF  \\$aPrevious copyright fee: GBP22.00$c22\3$e12-aug-2012$fGBP22.00$g0$hP$5Uk
=ACF  \\$aPrevious copyright fee: GBP25.00$c22\3$e01-jan-2013$fGBP25.00$g0$hP$5Uk
=ACF  \\$aPrevious copyright fee: GBP25.77$c22\3$e01-jul-2013$fGBP25.77$g0$hP$5Uk
=ACF  \\$aPrevious copyright fee: GBP24.97$c22\3$e01-jan-2014$fGBP24.97$g0$hP$5Uk
=ACF  \\$aPrevious copyright fee: GBP24.21$c22\3$e01-jul-2014$fGBP24.21$g0$hP$5Uk
=ACF  \\$aPrevious copyright fee: GBP25.77$c22\3$e01-apr-2015$fGBP25.77$g0$hP$5Uk
=ACF  \\$aPrevious copyright fee: GBP26.63$c22\3$e01-jul-2015$fGBP26.63$g0$hP$5Uk
=ACF  \\$aPrevious copyright fee: GBP25.77$c22\3$e01-oct-2015$fGBP25.77$g0$hP$5Uk
=ACF  \\$aPrevious copyright fee: GBP27.55$c22\3$e01-apr-2016$fGBP27.55$g0$hP$5Uk
=ACF  \\$aPrevious copyright fee: GBP29.59$c22\3$e01-oct-2016$fGBP29.59$g0$hP$5Uk
=ACF  \\$aPrevious copyright fee: GBP31.96$c22\3$e01-apr-2017$fGBP31.96$g0$hP$5Uk
=ACF  \\$aPrevious copyright fee: GBP30.73$c22\3$e01-oct-2017$fGBP30.73$g0$hP$5Uk
=ACF  \\$aPrevious copyright fee: GBP28.54$c22\3$e01-apr-2018$fGBP28.54$g0$hP$5Uk
=LAS  \\$aIPL-CLA$b00$c20221231$lBLL01$h1446

