=LDR  06022cas a2201297 a 4500
=001  013103515
=003  Uk
=005  20221231144605.0
=006  m\\\\\\\\d\\\\\\\\
=007  cr\mnu||||||||
=008  000818c19999999enkmr\pso\\\\\0\\\a0eng\c
=FMT  \\$a  SE
=010  \\$a2001229234
=015  \\$aGBB5F3987$2bnb
=022  0\$a0219-3116$l0219-3116$y0219-1377
=035  \\$a(OCoLC)45478778$z(OCoLC)44812773$z(OCoLC)184755828
=037  \\$a???$bSpringer
=040  \\$aCGU$beng$cCGU$dFUG$dOCLCQ$dMUQ$dHNK$dOCL$dUAT$dOCLCQ$dUk
=042  \\$aukblsr
=050  \4$aQA76.76.E95$bK55525
=082  04$a006.33$223
=130  0\$aKnowledge and information systems (Online)
=222  \0$aKnowledge and information systems$b(electronic resource)
=245  10$aKnowledge and information systems$h[electronic resource] :$bKAIS.
=246  30$aKAIS
=260  \\$aLondon :$bSpringer-Verlag London Ltd.
=310  \\$aMonthly,$b2008-
=321  \\$aNine issues a year,$b2007
=321  \\$aEight issues a year,$b2005-2006
=321  \\$aQuarterly,$b1999-2003
=321  \\$aBimonthly,$b2004-
=336  \\$atext$2rdacontent
=337  \\$acomputer$2rdamedia
=338  \\$aonline resource$2rdacarrier
=362  1\$aPrint began with vol. 1, no. 1 (Feb. 1999).
=588  \\$aDescription based on: Vol. 2, issue 1 (Mar. 31, 2000); title from general information screen (SpringerLINK, viewed Aug. 18, 2000).
=588  \\$aLatest issue consulted: volume 45, issue 3 (December 2015) (SpringerLink, viewed October 26, 2015).
=530  \\$aAlso issued in print.
=538  \\$aMode of access: World Wide Web.
=540  \\$aCurrent copyright fee: GBP29.95$c22\1$5Uk
=650  \0$aExpert systems (Computer science)$vPeriodicals.
=650  \0$aInformation storage and retrieval systems$vPeriodicals.
=776  1\$tKnowledge and information systems$x0219-1377
=859  \\$aELD$bejournal
=856  \\$31850-9999$uhttp://www.springer.com/gb/$xBLDSS
=856  40$uhttp://link.springer-ny.com/link/service/journals/10115/index.htm$zLink no longer valid
=856  40$uhttp://www.springerlink.com/content/0219-1377
=859  \\$aXLD$bejournal
=852  41$aBritish Library$bHMNTS$jELD Digital store$3Volume 45:Issue 3(2015:Mar.)-
=852  41$aBritish Library$bDSC$j5100.437300$3Volume 4:Issue 2(2002)-Volume 55:Issue 1(2018)***See ESTAR for full holdings.
=945  \\$aKnowledge and information systems
=959  \\$fHeld but not currently received
=979  \\$aBritish Library$bDSC$j5100.437300
=CAT  \\$a6524$b40$c20050205$lBLL01$h0800
=CAT  \\$aBATCH-UPD$b00$c20150820$lBLL01$h1849
=CAT  \\$aIPL-CLA$c20150930$lBLL01$h1806
=CAT  \\$a11316$b40$c20151026$lBLL01$h1457
=CAT  \\$a11433$b40$c20151114$lBLL01$h1006
=CAT  \\$aBATCH-UPD$b40$c20160217$lBLL01$h1741
=CAT  \\$aIPL-CLA$c20160331$lBLL01$h1727
=CAT  \\$aBATCH-UPD$b00$c20160524$lBLL01$h2210
=CAT  \\$aBATCH-UPD$b00$c20160525$lBLL01$h0021
=CAT  \\$aBATCH-UPD$b00$c20160824$lBLL01$h1808
=CAT  \\$aIPL-CLA$c20160930$lBLL01$h1603
=CAT  \\$aBATCH-UPD$b00$c20170216$lBLL01$h1857
=CAT  \\$aIPL-CLA$c20170331$lBLL01$h1844
=CAT  \\$aBATCH-UPD$b00$c20170904$lBLL01$h1907
=CAT  \\$aIPL-CLA$c20170929$lBLL01$h1729
=CAT  \\$aW1711-1005$c20171206$lBLL01$h1817
=CAT  \\$aBATCH-UPD$b00$c20180223$lBLL01$h1740
=CAT  \\$aIPL-CLA$c20180331$lBLL01$h1620
=CAT  \\$aW1805-0475$c20180520$lBLL01$h1631
=CAT  \\$aBATCH-UPD$b00$c20180524$lBLL01$h1726
=CAT  \\$aIPL-CLA$c20180630$lBLL01$h1916
=CAT  \\$aW1908-0780$b00$c20200730$lBLL01$h1328
=CAT  \\$aCDS21$c20220118$lBLL01$h1105
=CAT  \\$aBATCH-UPD$b00$c20221121$lBLL01$h1400
=CAT  \\$a5410$b40$c20221212$lBLL01$h1124
=CAT  \\$aIPL-CLA$c20221231$lBLL01$h1446
=CFI  0\$aCurrent copyright fee: GBP29.95$c22\1$e01-jan-2023$fGBP29.95$g0$hP$5Uk
=CFI  2\$aPrevious copyright fee: GBP34.00$c22\1$e01-jul-2018$fGBP34.00$g0$hP$5Uk
=EST  \\$a1
=FFP  \\$aY$bBLDSS-3PM
=FIN  \\$aY$d20111004
=LET  \0$aKnowledge and information systems (Electronic)
=LKR  \\$aPAR$b011115010$lBLL01$r776$mKnowledge and information systems (Online)$nKnowledge and information systems (Print)
=MNI  \\$a0219-1377
=SID  \\$aZ39$bOCLC
=TCO  \\$aZZZ$c008
=TCO  \\$aCLA$bCLA$c008
=TOC  \\$aETOC
=UNO  \\$aY
=ACF  \\$aPrevious copyright fee: GBP21.25$c23\2$e01-jan-2009$fGBP21.25$g0$hP$5Uk
=ACF  \\$aPrevious copyright fee: GBP16.75$c23\2$e01-jan-2007$fGBP16.75$g0$hP$5Uk
=ACF  \\$aPrevious copyright fee: GBP16.22$c23\2$e01-apr-2005$fGBP16.22$g0$hP$5Uk
=ACF  \\$aPrevious copyright fee: GBP16.67$c23\2$e01-jan-2005$fGBP16.67$g0$hP$5Uk
=ACF  \\$aPrevious copyright fee: GBP22.00$c23\2$e01-apr-2009$fGBP22.00$g0$hP$5Uk
=ACF  \\$aPrevious copyright fee: GBP22.00$c23\2$e12-aug-2012$fGBP22.00$g0$hP$5Uk
=ACF  \\$aPrevious copyright fee: GBP25.00$c23\2$e01-jan-2013$fGBP25.00$g0$hP$5Uk
=ACF  \\$aPrevious copyright fee: GBP25.77$c23\2$e01-jul-2013$fGBP25.77$g0$hP$5Uk
=ACF  \\$aPrevious copyright fee: GBP24.97$c23\2$e01-jan-2014$fGBP24.97$g0$hP$5Uk
=ACF  \\$aPrevious copyright fee: GBP24.21$c23\2$e01-jul-2014$fGBP24.21$g0$hP$5Uk
=ACF  \\$aPrevious copyright fee: GBP25.77$c23\2$e01-apr-2015$fGBP25.77$g0$hP$5Uk
=ACF  \\$aPrevious copyright fee: GBP26.63$c23\2$e01-jul-2015$fGBP26.63$g0$hP$5Uk
=ACF  \\$aPrevious copyright fee: GBP25.77$c23\2$e01-oct-2015$fGBP25.77$g0$hP$5Uk
=ACF  \\$aPrevious copyright fee: GBP27.55$c23\2$e01-apr-2016$fGBP27.55$g0$hP$5Uk
=ACF  \\$aPrevious copyright fee: GBP29.59$c23\2$e01-oct-2016$fGBP29.59$g0$hP$5Uk
=ACF  \\$aPrevious copyright fee: GBP31.96$c23\2$e01-apr-2017$fGBP31.96$g0$hP$5Uk
=ACF  \\$aPrevious copyright fee: GBP30.73$c23\2$e01-oct-2017$fGBP30.73$g0$hP$5Uk
=ACF  \\$aPrevious copyright fee: GBP28.54$c23\2$e01-apr-2018$fGBP28.54$g0$hP$5Uk
=LAS  \\$aIPL-CLA$b00$c20221231$lBLL01$h1446

