=LDR  06129cas a2201273 a 4500
=001  013103576
=003  Uk
=005  20231002082513.0
=006  m\\\\\\\\d\\\\\\\\
=007  cr\mnu||||||||
=008  000406c19919999gw\bx\p\o\\\\\0\\\a0eng\c
=FMT  \\$a  SE
=010  \\$a2001229143
=022  0\$a1432-1467$l0938-8974$y0938-8974
=035  \\$a(OCoLC)43791679$z(OCoLC)45332297$z(OCoLC)51281453
=037  \\$a???$bSpringer
=040  \\$aOH1$cOH1$dAAA$dFUG$dOCLCQ$dHUA$dGUA$dMUQ$dOCL$dNSD$dOCL$dMYG$dOCLCQ$dUk
=042  \\$aukblsr
=050  \4$aQC20.7.N6$bJ68
=082  04$a003.75$223
=130  0\$aJournal of nonlinear science (Online)
=222  \0$aJournal of nonlinear science$b(Internet)
=245  10$aJournal of nonlinear science$h[electronic resource].
=260  \\$aBerlin ;$aNew York :$bSpringer International
=310  \\$aSix issues yearly
=336  \\$atext$2rdacontent
=337  \\$acomputer$2rdamedia
=338  \\$aonline resource$2rdacarrier
=362  1\$aBegan with: Vol. 1, no. 1 (Feb. 1991).
=588  \\$aDescription based on: Vol. 7, no. 1 (Feb. 1997); title from general information screen (SpringerLink, viewed July 17, 2009).
=588  \\$aLatest issue consulted: Vol. 21, no. 5 (Oct. 2011) (SpringerLink, viewed Oct. 11, 2011).
=530  \\$aAlso issued in print.
=580  \\$aComplemented by: Nonlinear science today, 1991-1995; Nonlinear science today (Online), <1993>-.
=540  \\$aCurrent copyright fee: GBP29.95$c22\1$5Uk
=650  \0$aNonlinear theories$vPeriodicals.
=776  1\$tJournal of nonlinear science$x0938-8974
=787  0\$tNonlinear science today$g1991-1995$x0938-9008
=787  0\$tNonlinear science today (Online)$g<1993>-
=859  \\$aELD$bejournal
=856  \\$31850-9999$uhttp://www.springer.com/gb/$xBLDSS
=856  4\$uhttp://rave.ohiolink.edu/ejournals/issn/09388974/$zConnect to Journal of nonlinear science
=856  40$uhttp://link.springer-ny.com/link/service/journals/00332/index.html
=856  40$uhttp://www.springerlink.com/content/0938-8974/
=859  \\$aXLD$bejournal
=852  41$aBritish Library$bDSC$j5022.839000$3Volume 7:Issue 5(1997)-Volume 28:Issue 2(2018)***See ESTAR for full holdings.
=852  41$aBritish Library$bHMNTS$jELD Digital store$3Volume 28:Issue 2(2018)-
=945  \\$aJOURNAL OF NONLINEAR SCIENCE.
=959  \\$fHeld but not currently received
=CAT  \\$a6524$b40$c20050205$lBLL01$h1026
=CAT  \\$aBATCH-UPD$b00$c20150520$lBLL01$h1759
=CAT  \\$aIPL-CLA$c20150630$lBLL01$h1646
=CAT  \\$aBATCH-UPD$b00$c20150820$lBLL01$h1846
=CAT  \\$aIPL-CLA$c20150930$lBLL01$h1806
=CAT  \\$aBATCH-UPD$b00$c20160217$lBLL01$h1737
=CAT  \\$aIPL-CLA$c20160331$lBLL01$h1727
=CAT  \\$aBATCH-UPD$b00$c20160524$lBLL01$h2210
=CAT  \\$aBATCH-UPD$b00$c20160525$lBLL01$h0021
=CAT  \\$aBATCH-UPD$b00$c20160824$lBLL01$h1804
=CAT  \\$aIPL-CLA$c20160930$lBLL01$h1603
=CAT  \\$aBATCH-UPD$b00$c20170216$lBLL01$h1852
=CAT  \\$aIPL-CLA$c20170331$lBLL01$h1844
=CAT  \\$aBATCH-UPD$b00$c20170904$lBLL01$h1902
=CAT  \\$aIPL-CLA$c20170929$lBLL01$h1729
=CAT  \\$aBATCH-UPD$b00$c20180223$lBLL01$h1735
=CAT  \\$aIPL-CLA$c20180331$lBLL01$h1620
=CAT  \\$aW1805-0475$c20180520$lBLL01$h1631
=CAT  \\$aBATCH-UPD$b00$c20180524$lBLL01$h1722
=CAT  \\$aIPL-CLA$c20180630$lBLL01$h1916
=CAT  \\$aW1908-0780$b00$c20200730$lBLL01$h1329
=CAT  \\$a15190$b40$c20210225$lBLL01$h1623
=CAT  \\$aCDS21$c20220118$lBLL01$h1105
=CAT  \\$aBATCH-UPD$b00$c20221121$lBLL01$h1400
=CAT  \\$aIPL-CLA$c20221231$lBLL01$h1446
=CAT  \\$a5410$b40$c20230519$lBLL01$h1944
=CAT  \\$a12654$b40$c20231002$lBLL01$h0825
=CFI  0\$aCurrent copyright fee: GBP29.95$c22\1$e01-jan-2023$fGBP29.95$g0$hP$5Uk
=CFI  2\$aPrevious copyright fee: GBP34.00$c22\1$e01-jul-2018$fGBP34.00$g0$hP$5Uk
=EST  \\$a1
=FFP  \\$aY$bBLDSS-3PM
=FIN  \\$aY$d20111011
=LKR  \\$aPAR$b010491073$lBLL01$r776$mJournal of nonlinear science (Online)$nJournal of nonlinear science (Print)
=MNI  \\$a0938-8974
=SID  \\$aZ39$bOCLC
=TCO  \\$aZZZ$c008
=TCO  \\$aTRS$bCCC$c008
=TOC  \\$aETOC
=UNO  \\$aY
=ACF  \\$aPrevious copyright fee: GBP21.25$c22\8$e01-jan-2009$fGBP21.25$g0$hP$5Uk
=ACF  \\$aPrevious copyright fee: GBP16.75$c22\8$e01-jan-2007$fGBP16.75$g0$hP$5Uk
=ACF  \\$aPrevious copyright fee: GBP16.22$c22\8$e01-oct-2006$fGBP16.22$g0$hP$5Uk
=ACF  \\$aPrevious copyright fee: GBP17.14$c22\8$e01-apr-2006$fGBP17.14$g0$hP$5Uk
=ACF  \\$aPrevious copyright fee: GBP16.67$c22\8$e01-jan-2006$fGBP16.67$g0$hP$5Uk
=ACF  \\$aPrevious copyright fee: GBP16.22$c22\8$e01-apr-2005$fGBP16.22$g0$hP$5Uk
=ACF  \\$aPrevious copyright fee: GBP16.67$c22\8$e01-jan-2005$fGBP16.67$g0$hP$5Uk
=ACF  \\$aPrevious copyright fee: GBP22.00$c22\8$e01-apr-2009$fGBP22.00$g0$hP$5Uk
=ACF  \\$aPrevious copyright fee: GBP22.00$c22\8$e12-aug-2012$fGBP22.00$g0$hP$5Uk
=ACF  \\$aPrevious copyright fee: GBP25.00$c22\8$e01-jan-2013$fGBP25.00$g0$hP$5Uk
=ACF  \\$aPrevious copyright fee: GBP25.77$c22\8$e01-jul-2013$fGBP25.77$g0$hP$5Uk
=ACF  \\$aPrevious copyright fee: GBP24.97$c22\8$e01-jan-2014$fGBP24.97$g0$hP$5Uk
=ACF  \\$aPrevious copyright fee: GBP24.21$c22\8$e01-jul-2014$fGBP24.21$g0$hP$5Uk
=ACF  \\$aPrevious copyright fee: GBP25.77$c22\8$e01-apr-2015$fGBP25.77$g0$hP$5Uk
=ACF  \\$aPrevious copyright fee: GBP26.63$c22\8$e01-jul-2015$fGBP26.63$g0$hP$5Uk
=ACF  \\$aPrevious copyright fee: GBP25.77$c22\8$e01-oct-2015$fGBP25.77$g0$hP$5Uk
=ACF  \\$aPrevious copyright fee: GBP27.55$c22\8$e01-apr-2016$fGBP27.55$g0$hP$5Uk
=ACF  \\$aPrevious copyright fee: GBP29.59$c22\8$e01-oct-2016$fGBP29.59$g0$hP$5Uk
=ACF  \\$aPrevious copyright fee: GBP31.96$c22\8$e01-apr-2017$fGBP31.96$g0$hP$5Uk
=ACF  \\$aPrevious copyright fee: GBP30.73$c22\8$e01-oct-2017$fGBP30.73$g0$hP$5Uk
=ACF  \\$aPrevious copyright fee: GBP28.54$c22\8$e01-apr-2018$fGBP28.54$g0$hP$5Uk
=LAS  \\$a12654$b40$c20231002$lBLL01$h0825

