=LDR  06045cas a2201285 a 4500
=001  013103831
=003  Uk
=005  20221231144606.0
=006  m\\\\\\\\d\\\\\\\\
=007  cr\cnu||||||||
=008  000222c19949999gw\bx\pso\\\\\0\\\\0eng\c
=FMT  \\$a  SE
=010  \\$a2004233403
=022  0\$a1432-2307$l0945-6317$y0945-6317$26
=035  \\$a(OCoLC)43496965$z(OCoLC)397387885
=037  \\$a???$bSpringer
=040  \\$aGAT$cGAT$dOCLCQ$dGUA$dOCLCQ$dMUQ$dOCL$dOCLCQ$dTXA$dCLU$dM6U$dCCO$dUk
=042  \\$aukblsr
=050  14$aRB1
=082  04$a616.07$223
=130  0\$aVirchows Archiv (Online)
=210  0\$aVirchows Arch.$b(Internet)
=222  \0$aVirchows Archiv$b(Internet)
=245  10$aVirchows Archiv$h[electronic resource].
=260  \\$aHeidelberg :$bSpringer-Verlag
=310  \\$aBimonthly,$b<2010->
=321  \\$aMonthly,$b<1994->
=336  \\$atext$2rdacontent
=337  \\$acomputer$2rdamedia
=338  \\$aonline resource$2rdacarrier
=362  1\$aPrint began with v. 424, no. 1, published in 1994.
=580  \\$aIncludes issues of earlier title: Virchows Archiv. A, Pathological anatomy and histopathology.
=588  \\$aDescription based on: Vol. 430, no. 5 (Apr. 1997); title from contents screen (Springer LINK, viewed Mar. 16, 2004).
=588  \\$aLatest issue consulted: Vol. 459, no. 4 (Oct. 2011) (viewed Oct. 18, 2011).
=550  \\$aIssued by: the European Society of Pathology, <2010->.
=540  \\$aCurrent copyright fee: GBP34.95$c22\1$5Uk
=650  \0$aPathology$vPeriodicals.
=650  \0$aHistology, Pathological$vPeriodicals.
=710  2\$aEuropean Society of Pathology.
=776  08$iPrint version:$tVirchows Archiv$x0945-6317
=780  14$tVirchows Archiv. A, Pathological anatomy and histopathology$c(Online)
=780  14$tVirchows Archiv. B, Cell pathology including molecular pathology$c(Online)
=856  \\$31850-9999$uhttp://www.springer.com/gb/$xBLDSS
=856  40$uhttp://www.springerlink.com/link.asp?id=100455
=856  40$uhttp://www.springerlink.com/content/0945-6317/$zIncludes issues of earlier title: Virchows Archiv. A, Pathological anatomy and histopathologyhttp://firstsearch.oclc.org
=859  \\$aXLD$bejournal
=859  \\$aELD$bejournal
=852  41$aBritish Library$bDSC$j9238.000000$3Volume 430:Issue 2(1997)-Volume 472:Issue 2(2018)***See ESTAR for full holdings.
=852  41$aBritish Library$bHMNTS$jELD Digital store$3Volume 472:Issue 1(2018)-
=945  \\$aVirchows Archiv
=959  \\$fHeld but not currently received
=979  \\$aBritish Library$bDSC$j9238.000000
=985  \\$aCONFERENCE ANALYTIC RECORDS EXIST
=CAT  \\$a8335$b40$c20050207$lBLL01$h0915
=CAT  \\$aIPL-CLA$c20150930$lBLL01$h1806
=CAT  \\$aBATCH-UPD$b00$c20160217$lBLL01$h1727
=CAT  \\$aIPL-CLA$c20160331$lBLL01$h1727
=CAT  \\$aBATCH-UPD$b00$c20160524$lBLL01$h2210
=CAT  \\$aBATCH-UPD$b00$c20160525$lBLL01$h0021
=CAT  \\$aBATCH-UPD$b00$c20160824$lBLL01$h1755
=CAT  \\$aIPL-CLA$c20160930$lBLL01$h1603
=CAT  \\$aBATCH-UPD$b00$c20170216$lBLL01$h1843
=CAT  \\$aIPL-CLA$c20170331$lBLL01$h1844
=CAT  \\$aBATCH-UPD$b00$c20170904$lBLL01$h1851
=CAT  \\$aIPL-CLA$c20170929$lBLL01$h1729
=CAT  \\$aBATCH-UPD$b00$c20180223$lBLL01$h1720
=CAT  \\$aIPL-CLA$c20180331$lBLL01$h1620
=CAT  \\$aW1805-0475$c20180520$lBLL01$h1632
=CAT  \\$aBATCH-UPD$b00$c20180524$lBLL01$h1714
=CAT  \\$aIPL-CLA$c20180630$lBLL01$h1916
=CAT  \\$aW1908-0780$b00$c20200730$lBLL01$h1329
=CAT  \\$a15005$b40$c20210126$lBLL01$h1318
=CAT  \\$a14586$b40$c20210202$lBLL01$h1338
=CAT  \\$a5552$b40$c20210824$lBLL01$h1200
=CAT  \\$aIPL-CLA$c20210930$lBLL01$h1528
=CAT  \\$aCDS21$c20220118$lBLL01$h1105
=CAT  \\$aBATCH-UPD$b00$c20221121$lBLL01$h1411
=CAT  \\$a5410$b40$c20221214$lBLL01$h0803
=CAT  \\$aIPL-CLA$c20221231$lBLL01$h1446
=CFI  0\$aCurrent copyright fee: GBP34.95$c22\1$e01-jan-2023$fGBP34.95$g0$hP$5Uk
=CFI  2\$aPrevious copyright fee: GBP43.00$c22\1$e01-oct-2021$fGBP43.00$g0$hP$5Uk
=EST  \\$a1
=FFP  \\$aY$bBLDSS-3PM
=FIN  \\$aY$d20111018
=LKR  \\$aPAR$b008210275$lBLL01$r776$mVirchows Archiv (Online)$nVirchows Archiv (Print)
=MNI  \\$a0945-6317
=SID  \\$aZ39$bOCLC
=TCO  \\$aZZZ$c008
=TCO  \\$aDEU$bVG WORT$c008
=TOC  \\$aETOC
=UNO  \\$aY
=ACF  \\$aPrevious copyright fee: GBP16.67$c22\3$e01-jan-2006$fGBP16.67$g0$hP$5Uk
=ACF  \\$aPrevious copyright fee: GBP16.22$c22\3$e01-apr-2005$fGBP16.22$g0$hP$5Uk
=ACF  \\$aPrevious copyright fee: GBP16.67$c22\3$e01-jan-2005$fGBP16.67$g0$hP$5Uk
=ACF  \\$aPrevious copyright fee: GBP17.14$c22\3$e01-apr-2006$fGBP17.14$g0$hP$5Uk
=ACF  \\$aPrevious copyright fee: GBP22.00$c22\3$e12-aug-2012$fGBP22.00$g0$hP$5Uk
=ACF  \\$aPrevious copyright fee: GBP25.00$c22\3$e01-jan-2013$fGBP25.00$g0$hP$5Uk
=ACF  \\$aPrevious copyright fee: GBP25.77$c22\3$e01-jul-2013$fGBP25.77$g0$hP$5Uk
=ACF  \\$aPrevious copyright fee: GBP24.97$c22\3$e01-jan-2014$fGBP24.97$g0$hP$5Uk
=ACF  \\$aPrevious copyright fee: GBP24.21$c22\3$e01-jul-2014$fGBP24.21$g0$hP$5Uk
=ACF  \\$aPrevious copyright fee: GBP25.77$c22\3$e01-apr-2015$fGBP25.77$g0$hP$5Uk
=ACF  \\$aPrevious copyright fee: GBP26.63$c22\3$e01-jul-2015$fGBP26.63$g0$hP$5Uk
=ACF  \\$aPrevious copyright fee: GBP25.77$c22\3$e01-oct-2015$fGBP25.77$g0$hP$5Uk
=ACF  \\$aPrevious copyright fee: GBP27.55$c22\3$e01-apr-2016$fGBP27.55$g0$hP$5Uk
=ACF  \\$aPrevious copyright fee: GBP29.59$c22\3$e01-oct-2016$fGBP29.59$g0$hP$5Uk
=ACF  \\$aPrevious copyright fee: GBP31.96$c22\3$e01-apr-2017$fGBP31.96$g0$hP$5Uk
=ACF  \\$aPrevious copyright fee: GBP30.73$c22\3$e01-oct-2017$fGBP30.73$g0$hP$5Uk
=ACF  \\$aPrevious copyright fee: GBP28.54$c22\3$e01-apr-2018$fGBP28.54$g0$hP$5Uk
=ACF  \\$aPrevious copyright fee: GBP34.00$c22\1$e01-jul-2018$fGBP34.00$g0$hP$5Uk
=LAS  \\$aIPL-CLA$b00$c20221231$lBLL01$h1446

