=LDR  06725cas a2201429 a 4500
=001  013111549
=003  Uk
=005  20221231144609.0
=006  m\\\\\\\\d\\\\\\\\
=007  cr\mnu||||||||
=008  000331c19979999gw\sr\pso\\\\\0\\\a0eng\c
=FMT  \\$a  SE
=010  \\$a2004233419
=022  0\$a1420-9071$l1420-682X$y1420-682X
=035  \\$a(OCoLC)43752640$z(OCoLC)47205080
=037  \\$a???$bSpringer
=040  \\$aOH1$cOH1$dOCLCQ$dGUA$dFQM$dOCLCQ$dMUQ$dOCL$dPFM$dSERSO$dOCLCQ$dSERSO$dUk
=042  \\$aukblsr
=050  14$aQ1.A1
=082  04$a571.605$223
=130  0\$aCellular and molecular life sciences (Online)
=210  0\$aCell. mol. life sci.$b(Electron. ed.)
=222  \0$aCellular and molecular life sciences$b(Electronic ed.)
=245  10$aCellular and molecular life sciences$h[electronic resource] :$bCMLS.
=246  30$aCMLS
=246  13$aCMLS, cellular and molecular life sciences
=260  \\$aBasel :$bBirkhäuser Verlag,$cc1997-
=260  3\$a[Berlin?] :$bSpringer Science + Media
=310  \\$aSemimonthly,$b2004-
=321  \\$aMonthly,$b-2003
=336  \\$atext$2rdacontent
=337  \\$acomputer$2rdamedia
=338  \\$aonline resource$2rdacarrier
=362  0\$aVol. 53, no. 1 (Jan. 1997)-
=588  \\$aTitle from contents screen (Springer LINK, viewed Mar. 19, 2004).
=588  \\$aLatest issue consulted: Vol. 69, no. 8 (Apar. 2012), viewed Apr. 24, 2012.
=530  \\$aAlso issued in print, 16mm and 35mm microfilm, and microfiche.
=580  \\$aIncludes issues of earlier title: Experientia.
=540  \\$aCurrent copyright fee: GBP29.95$c22\1$5Uk
=650  \0$aLife sciences$vPeriodicals.
=650  \0$aMolecular biology$vPeriodicals.
=650  \0$aCytology$vPeriodicals.
=650  \2$aBiological Science Disciplines$vPeriodicals.
=650  \2$aCell Biology$vPeriodicals.
=650  \2$aMolecular Biology$vPeriodicals.
=650  \6$aBiologie$xRecherche$vPériodiques.
=650  \6$aBiologie moléculaire$xRecherche$vPériodiques.
=650  \6$aGénétique moléculaire$xRecherche$vPériodiques.
=650  \6$aPharmacologie moléculaire$xRecherche$vPériodiques.
=776  08$iPrint version:$tCellular and molecular life sciences$x1420-682X
=780  00$tExperientia (Online)
=859  \\$aELD$bejournal
=856  \\$31850-9999$uhttp://www.springer.com/gb/$xBLDSS
=856  40$uhttp://rave.ohiolink.edu/ejournals/issn/1420682X/$zConnect to Cellular and molecular life sciences
=856  40$uhttp://www.springerlink.com/content/1420-682x/
=856  40$uhttp://www.springerlink.com/link.asp?id=101193
=859  \\$aXLD$bejournal
=852  41$aBritish Library$bDSC$j3097.923800$3Volume 53:Issue 4(1997)-Volume 75:Issue 8(2018)***See ESTAR for full holdings.
=852  41$aBritish Library$bHMNTS$jELD Digital store$3Volume 75:Issue 8(2018)-
=945  \\$aCellular and molecular life sciences
=959  \\$fHeld but not currently received
=979  \\$aBritish Library$bDSC$j3097.923800
=CAT  \\$a5552$b40$c20050215$lBLL01$h1427
=CAT  \\$aBATCH-UPD$b00$c20150520$lBLL01$h1743
=CAT  \\$aIPL-CLA$c20150630$lBLL01$h1646
=CAT  \\$aBATCH-UPD$b00$c20150820$lBLL01$h1830
=CAT  \\$aIPL-CLA$c20150930$lBLL01$h1806
=CAT  \\$aBATCH-UPD$b00$c20160217$lBLL01$h1720
=CAT  \\$aIPL-CLA$c20160331$lBLL01$h1727
=CAT  \\$aBATCH-UPD$b00$c20160524$lBLL01$h2210
=CAT  \\$aBATCH-UPD$b00$c20160525$lBLL01$h0021
=CAT  \\$aBATCH-UPD$b00$c20160824$lBLL01$h1748
=CAT  \\$aIPL-CLA$c20160930$lBLL01$h1603
=CAT  \\$aBATCH-UPD$b00$c20170216$lBLL01$h1836
=CAT  \\$aIPL-CLA$c20170331$lBLL01$h1844
=CAT  \\$aBATCH-UPD$b00$c20170904$lBLL01$h1844
=CAT  \\$aIPL-CLA$c20170929$lBLL01$h1729
=CAT  \\$aBATCH-UPD$b00$c20180223$lBLL01$h1703
=CAT  \\$aIPL-CLA$c20180331$lBLL01$h1620
=CAT  \\$aW1805-0475$c20180520$lBLL01$h1632
=CAT  \\$aBATCH-UPD$b00$c20180524$lBLL01$h1708
=CAT  \\$aIPL-CLA$c20180630$lBLL01$h1916
=CAT  \\$aW1908-0780$b00$c20200730$lBLL01$h1329
=CAT  \\$a15190$b40$c20201013$lBLL01$h1216
=CAT  \\$aCDS21$c20220118$lBLL01$h1105
=CAT  \\$aBATCH-UPD$b00$c20221121$lBLL01$h1400
=CAT  \\$a5410$b40$c20221213$lBLL01$h1456
=CAT  \\$aIPL-CLA$c20221231$lBLL01$h1446
=CFI  0\$aCurrent copyright fee: GBP29.95$c22\1$e01-jan-2023$fGBP29.95$g0$hP$5Uk
=CFI  2\$aPrevious copyright fee: GBP34.00$c22\1$e01-jul-2018$fGBP34.00$g0$hP$5Uk
=EST  \\$a1
=FFP  \\$aY$bBLDSS-3PM
=FIN  \\$aY$d20120424
=LKR  \\$aPAR$b011746377$lBLL01$r776$mCellular and molecular life sciences (Online)$nCellular and molecular life sciences (Print)
=MNI  \\$a1420-682X
=SID  \\$aZ39$bOCLC
=TCO  \\$aZZZ$c008
=TCO  \\$aCHE$bPRO LITTERIS$c008
=TOC  \\$aETOC
=UNO  \\$aY
=ACF  \\$aPrevious copyright fee: GBP21.25$c22\1$e01-jan-2009$fGBP21.25$g0$hP$5Uk
=ACF  \\$aPrevious copyright fee: GBP16.75$c22\1$e01-jan-2007$fGBP16.75$g0$hP$5Uk
=ACF  \\$aPrevious copyright fee: GBP16.22$c22\1$e01-oct-2006$fGBP16.22$g0$hP$5Uk
=ACF  \\$aPrevious copyright fee: GBP17.14$c22\1$e01-apr-2006$fGBP17.14$g0$hP$5Uk
=ACF  \\$aPrevious copyright fee: GBP16.67$c22\1$e01-jan-2006$fGBP16.67$g0$hP$5Uk
=ACF  \\$aPrevious copyright fee: GBP16.22$c22\1$e01-apr-2005$fGBP16.22$g0$hP$5Uk
=ACF  \\$aPrevious copyright fee: GBP16.67$c22\1$e01-jan-2005$fGBP16.67$g0$hP$5Uk
=ACF  \\$aPrevious copyright fee: GBP22.00$c22\1$e01-apr-2009$fGBP22.00$g0$hP$5Uk
=ACF  \\$aPrevious copyright fee: GBP22.00$c22\1$e12-aug-2012$fGBP22.00$g0$hP$5Uk
=ACF  \\$aPrevious copyright fee: GBP25.00$c22\1$e01-jan-2013$fGBP25.00$g0$hP$5Uk
=ACF  \\$aPrevious copyright fee: GBP25.77$c22\1$e01-jul-2013$fGBP25.77$g0$hP$5Uk
=ACF  \\$aPrevious copyright fee: GBP24.97$c22\1$e01-jan-2014$fGBP24.97$g0$hP$5Uk
=ACF  \\$aPrevious copyright fee: GBP24.21$c22\1$e01-jul-2014$fGBP24.21$g0$hP$5Uk
=ACF  \\$aPrevious copyright fee: GBP25.77$c22\1$e01-apr-2015$fGBP25.77$g0$hP$5Uk
=ACF  \\$aPrevious copyright fee: GBP26.63$c22\1$e01-jul-2015$fGBP26.63$g0$hP$5Uk
=ACF  \\$aPrevious copyright fee: GBP25.77$c22\1$e01-oct-2015$fGBP25.77$g0$hP$5Uk
=ACF  \\$aPrevious copyright fee: GBP27.55$c22\1$e01-apr-2016$fGBP27.55$g0$hP$5Uk
=ACF  \\$aPrevious copyright fee: GBP29.59$c22\1$e01-oct-2016$fGBP29.59$g0$hP$5Uk
=ACF  \\$aPrevious copyright fee: GBP31.96$c22\1$e01-apr-2017$fGBP31.96$g0$hP$5Uk
=ACF  \\$aPrevious copyright fee: GBP30.73$c22\1$e01-oct-2017$fGBP30.73$g0$hP$5Uk
=ACF  \\$aPrevious copyright fee: GBP28.54$c22\1$e01-apr-2018$fGBP28.54$g0$hP$5Uk
=LAS  \\$aIPL-CLA$b00$c20221231$lBLL01$h1446

