=LDR  06095cas a2201261 a 4500
=001  013201579
=003  Uk
=005  20221231144617.0
=006  m\\\\\\\\d\\\\\\\\
=007  cr\mnu||||||||
=008  980227c19689999gw\mr\pso\\\\\0\\\a0eng\c
=FMT  \\$a  SE
=010  \\$a2007233946
=022  0\$a1612-1112$l0009-5893$y0009-5893
=035  \\$a(OCoLC)38523635$z(OCoLC)240903021
=037  \\$a???$bSpringer
=040  \\$aOH1$cOH1$dOCL$dOCLCQ$dCUS$dMUQ$dOCLCQ$dOCL$dGUA$dOCLCQ$dUk
=042  \\$aukblsr
=050  14$aQD79.C4
=082  04$a543.805$223
=130  0\$aChromatographia (Online)
=222  \0$aChromatographia$b(Wiesbaden. Internet)
=245  10$aChromatographia$h[electronic resource].
=260  \\$a[Braunschweig, Germany] :$bVieweg & Sohn
=260  3\$a[Berlin] :$bSpringer Science + Media
=310  \\$aMonthly
=336  \\$atext$2rdacontent
=337  \\$acomputer$2rdamedia
=338  \\$aonline resource$2rdacarrier
=362  1\$aPrint began with v. 1 (1968).
=588  \\$aDescription based on: Vol. 40, issue 1-2 (Jan. 1995); title from general information screen (viewed Feb. 26, 1998).
=588  \\$aLatest issue consulted: Vol. 75, issue 9-10 (May 2012) (SpringerLink, viewed May 22, 2012).
=515  \\$aEach issue bears a combined numbering (e. g. no. 1-2).
=525  \\$aSupplements accompany some issues.
=540  \\$aCurrent copyright fee: GBP29.95$c22\1$5Uk
=650  \0$aChromatographic analysis$vPeriodicals.
=650  \2$aChromatography$vPeriodicals.
=650  \6$aChromatographie$vPériodiques.
=776  08$iPrint version:$tChromatographia$x0009-5893
=859  \\$aELD$bejournal
=856  \\$31850-9999$uhttp://www.springer.com/gb/$xBLDSS
=856  4\$uhttp://www.elsevier.com/homepage/elecserv.htt$zAddress for contacting Elsevier regarding subscription information
=856  4\$uhttp://www.springerlink.com/content/0009-5893/
=856  40$uhttp://firstsearch.oclc.org$zAddress for accessing the journal using authorization number and password through OCLC FirstSearch Electronic Collections Online
=856  40$uhttp://firstsearch.oclc.org/journal=0009-1112;screen=info;ECOIP$zAddress for accessing the journal from an authorized IP address through OCLC FirstSearch Electronic Collections Online
=856  40$uhttp://www.springerlink.com/openurl.asp?genre=journal&issn=0009-5893
=859  \\$aXLD$bejournal
=852  \\$aBritish Library$bDSC$j3182.450000$3Volume 44:Issue 5/6(1997)-Volume 81:Issue 3(2018)***See ESTAR for full holdings.
=852  41$aBritish Library$bHMNTS$jELD Digital store$3Volume 81:Issue 1(2018)-
=945  \\$aCHROMATOGRAPHIA -WIESBADEN-.
=959  \\$fHeld but not currently received
=979  \\$aBritish Library$bDSC$j3182.450000
=985  \\$aCONFERENCE ANALYTIC &RECORDS EXIST
=CAT  \\$a7174$b40$c20050518$lBLL01$h1427
=CAT  \\$aIPL-CLA$c20150630$lBLL01$h1647
=CAT  \\$aBATCH-UPD$b00$c20150820$lBLL01$h1847
=CAT  \\$aIPL-CLA$c20150930$lBLL01$h1808
=CAT  \\$aBATCH-UPD$b00$c20160217$lBLL01$h1739
=CAT  \\$aIPL-CLA$c20160331$lBLL01$h1728
=CAT  \\$aBATCH-UPD$b00$c20160524$lBLL01$h2210
=CAT  \\$aBATCH-UPD$b00$c20160525$lBLL01$h0022
=CAT  \\$aBATCH-UPD$b00$c20160824$lBLL01$h1806
=CAT  \\$aIPL-CLA$c20160930$lBLL01$h1604
=CAT  \\$aBATCH-UPD$b00$c20170216$lBLL01$h1854
=CAT  \\$aIPL-CLA$c20170331$lBLL01$h1845
=CAT  \\$aBATCH-UPD$b00$c20170904$lBLL01$h1904
=CAT  \\$aIPL-CLA$c20170929$lBLL01$h1730
=CAT  \\$aBATCH-UPD$b00$c20180223$lBLL01$h1737
=CAT  \\$aIPL-CLA$c20180331$lBLL01$h1621
=CAT  \\$aW1805-0475$c20180520$lBLL01$h1632
=CAT  \\$aBATCH-UPD$b00$c20180524$lBLL01$h1724
=CAT  \\$aIPL-CLA$c20180630$lBLL01$h1917
=CAT  \\$aW1908-0780$b00$c20200730$lBLL01$h1329
=CAT  \\$a15190$b40$c20201013$lBLL01$h1619
=CAT  \\$aCDS21$c20220118$lBLL01$h1105
=CAT  \\$aBATCH-UPD$b00$c20221121$lBLL01$h1400
=CAT  \\$a5410$b40$c20221126$lBLL01$h1526
=CAT  \\$a5410$b40$c20221126$lBLL01$h1527
=CAT  \\$aIPL-CLA$c20221231$lBLL01$h1446
=CFI  0\$aCurrent copyright fee: GBP29.95$c22\1$e01-jan-2023$fGBP29.95$g0$hP$5Uk
=CFI  2\$aPrevious copyright fee: GBP34.00$c22\1$e01-jul-2018$fGBP34.00$g0$hP$5Uk
=EST  \\$a1
=FFP  \\$aY$bBLDSS-3PM
=FIN  \\$aY$d20120522
=LKR  \\$aPAR$b012392737$lBLL01$r776$mChromatographia (Online)$nChromatographia (Print)
=MNI  \\$a0009-5893
=SID  \\$aZ39$bOCLC
=TCO  \\$aDEU$bVG WORT$c008
=TOC  \\$aETOC
=UNO  \\$aY
=ACF  \\$aPrevious copyright fee: GBP17.14$c22\9$e01-apr-2006$fGBP17.14$g0$hP$5Uk
=ACF  \\$aPrevious copyright fee: GBP16.67$c22\9$e01-jan-2006$fGBP16.67$g0$hP$5Uk
=ACF  \\$aPrevious copyright fee: GBP16.22$c22\9$e01-apr-2005$fGBP16.22$g0$hP$5Uk
=ACF  \\$aPrevious copyright fee: GBP16.22$c22\9$e01-oct-2006$fGBP16.22$g0$hP$5Uk
=ACF  \\$aPrevious copyright fee: GBP22.00$c22\9$e12-aug-2012$fGBP22.00$g0$hP$5Uk
=ACF  \\$aPrevious copyright fee: GBP25.00$c22\9$e01-jan-2013$fGBP25.00$g0$hP$5Uk
=ACF  \\$aPrevious copyright fee: GBP25.77$c22\9$e01-jul-2013$fGBP25.77$g0$hP$5Uk
=ACF  \\$aPrevious copyright fee: GBP24.97$c22\9$e01-jan-2014$fGBP24.97$g0$hP$5Uk
=ACF  \\$aPrevious copyright fee: GBP24.21$c22\9$e01-jul-2014$fGBP24.21$g0$hP$5Uk
=ACF  \\$aPrevious copyright fee: GBP25.77$c22\9$e01-apr-2015$fGBP25.77$g0$hP$5Uk
=ACF  \\$aPrevious copyright fee: GBP26.63$c22\9$e01-jul-2015$fGBP26.63$g0$hP$5Uk
=ACF  \\$aPrevious copyright fee: GBP25.77$c22\9$e01-oct-2015$fGBP25.77$g0$hP$5Uk
=ACF  \\$aPrevious copyright fee: GBP27.55$c22\9$e01-apr-2016$fGBP27.55$g0$hP$5Uk
=ACF  \\$aPrevious copyright fee: GBP29.59$c22\9$e01-oct-2016$fGBP29.59$g0$hP$5Uk
=ACF  \\$aPrevious copyright fee: GBP31.96$c22\9$e01-apr-2017$fGBP31.96$g0$hP$5Uk
=ACF  \\$aPrevious copyright fee: GBP30.73$c22\9$e01-oct-2017$fGBP30.73$g0$hP$5Uk
=ACF  \\$aPrevious copyright fee: GBP28.54$c22\9$e01-apr-2018$fGBP28.54$g0$hP$5Uk
=LAS  \\$aIPL-CLA$b00$c20221231$lBLL01$h1446

