=LDR  04935cas a2201129 a 4500
=001  013354968
=003  Uk
=005  20221231144652.0
=006  m\\\\\\\\d\\\\\\\\
=007  cr\|||||||||||
=008  040428c19899999enkfr\pss\\\\\0\\\a0eng\c
=FMT  \\$a  SE
=010  \\$a2004699114
=015  \\$aGBA604600$2bnb
=022  0\$a1743-9728$y0957-8811$202
=037  \\$a???$bSpringer
=040  \\$aCUS$cCUS$dOCLCQ$dOCL$dOCLCQ$dOCL$dUk
=042  \\$aukblsr$aissnuk
=043  \\$ad------
=050  \4$aHC59.69$b.E95
=082  04$a330.91724$220
=130  0\$aEuropean journal of development research (Online)
=222  \4$aThe European journal of development research$b(Online)
=245  14$aThe European journal of development research$h[electronic resource].
=260  \\$aLondon :$bF. Cass,$c[2002]-
=260  2\$a[S.l.] :$bRoutledge
=260  3\$a[Basingstoke] :$bPalgrave/McMillan
=310  \\$aSemiannual
=336  \\$atext$2rdacontent
=337  \\$acomputer$2rdamedia
=338  \\$aonline resource$2rdacarrier
=362  1\$aPrint began with v. 1, no. 1 (June 1989).
=500  \\$aDescription based on print version record.
=500  \\$aLatest issue consulted: Vol. 22, issue 4 (Sept. 2010) (Palgrave/Macmillan website, viewed Oct. 19, 2010).
=530  \\$aAlso issued in print.
=538  \\$aMode of access: World Wide Web.
=550  \\$aIssued by: European Association of Development Research and Training Institutes.
=540  \\$aCurrent copyright fee: GBP29.95$c22\1$5Uk
=650  \0$aEconomic assistance$zDeveloping countries$vPeriodicals.
=651  \0$aDeveloping countries$xEconomic conditions$vPeriodicals.
=690  7\$aManagement and Business Studies$2blcoll
=710  2\$aEuropean Association of Development Research and Training Institutes.
=776  1\$tEuropean journal of development research$x0957-8811
=859  \\$aELD$bejournal
=856  \\$31850-9999$uhttp://www.palgrave.com/home/index.asp$xBLDSS
=856  4\$uhttp://www.informaworld.com/smpp/title~content=t713635016~db=all$zIssues to 2008 only
=856  4\$uhttp://www.ingenta.com/isis/browsing/AllIssues/ingenta;jsessionid=3c8i0louk3kt.circus?journal=pubinfobike://fcp/edr
=856  40$uhttp://www.palgrave-journals.com/ejdr/archive/index.html
=859  \\$aXLD$bejournal
=852  41$aBritish Library$bHMNTS$jELD Digital store$3Volume 26:Issue 5(2014)-
=852  41$aBritish Library$bDSC$j3829.728280$3Volume 18:Issue 1(2006)-Volume 22:Issue 5(2010)***See ESTAR for full holdings.
=945  \\$aEUROPEAN JOURNAL OF DEVELOPMENT RESEARCH
=959  \\$fHeld but not currently received
=CAT  \\$a11187$b40$c20051206$lBLL01$h1819
=CAT  \\$aBATCH$b00$c20090624$lBLL01$h1708
=CAT  \\$aBATCH-UPD$b00$c20100818$lBLL01$h1552
=CAT  \\$aIPL-CLA$c20100930$lBLL01$h1528
=CAT  \\$a8483$b40$c20101019$lBLL01$h1019
=CAT  \\$a8483$b40$c20101019$lBLL01$h1021
=CAT  \\$a12654$b40$c20110302$lBLL01$h1102
=CAT  \\$a8323$b40$c20110323$lBLL01$h1132
=CAT  \\$a8323$b40$c20110323$lBLL01$h1138
=CAT  \\$aBATCH-CLA$b00$c20121109$lBLL01$h1728
=CAT  \\$aWR13.005$c20130323$lBLL01$h1334
=CAT  \\$aBLDSS-3PM$b00$c20160620$lBLL01$h1456
=CAT  \\$aBATCH-UPD$b00$c20160620$lBLL01$h1458
=CAT  \\$aBATCH-UPD$b00$c20171121$lBLL01$h1713
=CAT  \\$aIPL-CLA$c20171231$lBLL01$h1649
=CAT  \\$a6790$b40$c20180111$lBLL01$h1401
=CAT  \\$aBATCH-UPD$b40$c20180223$lBLL01$h1820
=CAT  \\$aIPL-CLA$c20180331$lBLL01$h1623
=CAT  \\$aBATCH-UPD$b00$c20180524$lBLL01$h1739
=CAT  \\$aIPL-CLA$c20180630$lBLL01$h1918
=CAT  \\$aBATCH-UPD$b00$c20180704$lBLL01$h0023
=CAT  \\$aW1908-0780$b00$c20200730$lBLL01$h1329
=CAT  \\$a5410$b40$c20211027$lBLL01$h0934
=CAT  \\$aCDS21$c20220118$lBLL01$h1105
=CAT  \\$aBATCH-UPD$b00$c20221121$lBLL01$h1400
=CAT  \\$aIPL-CLA$c20221231$lBLL01$h1446
=CFI  0\$aCurrent copyright fee: GBP29.95$c22\1$e01-jan-2023$fGBP29.95$g0$hP$5Uk
=CFI  2\$aPrevious copyright fee: GBP34.00$c22\1$e01-jul-2018$fGBP34.00$g0$hP$5Uk
=EST  \\$a1
=FFP  \\$aY$bBLDSS-3PM
=FIN  \\$aY$d20051206
=MNI  \\$a0957-8811
=SID  \\$aZ39$bOCLC
=TCO  \\$aCLA$bCLA$c008
=TOC  \\$aETOC
=UNO  \\$aY
=ACF  \\$aPrevious copyright fee: GBP15.00$c2\0$e01-apr-2008$fGBP15.00$g0$hP$5Uk
=ACF  \\$aPrevious copyright fee: GBP16.00$c2\0$e01-jan-2007$fGBP16.00$g0$hP$5Uk
=ACF  \\$aPrevious copyright fee: GBP13.00$c2\0$e01-jan-2005$fGBP13.00$g0$hP$5Uk
=ACF  \\$aPrevious copyright fee: GBP17.50$c39\0$e01-jan-2009$fGBP17.50$g0$hP$5Uk
=ACF  \\$aPrevious copyright fee: GBP22.00$c39\0$e01-oct-2010$fGBP22.00$g0$hP$5Uk
=ACF  \\$aPrevious copyright fee: GBP30.74$c39\0$e01-jan-2018$fGBP30.74$g0$hP$5Uk
=ACF  \\$aPrevious copyright fee: GBP28.54$c39\0$e01-apr-2018$fGBP28.54$g0$hP$5Uk
=LAS  \\$aIPL-CLA$b00$c20221231$lBLL01$h1446

