=LDR  05652cas a2201213 a 4500
=001  013387881
=003  Uk
=005  20221231144721.0
=006  m\\\\\\\\d\\\\\\\\
=007  cr\bn|||||||||
=008  041116c19659999dcuqn\pss\\\\\0\\\a0eng\c
=FMT  \\$a  SE
=010  \\$a  2005212076
=022  \\$a1554-432X$y0007-666X
=035  \\$a(OCoLC)56975475
=037  \\$a???$bSpringer
=040  \\$aDGAO$cDGAO$dNSDP$dHkUST$dFGA$dCaQMU$dOCoLC$dMiEM$dOCoLC$dUk
=042  \\$aukblsr
=050  14$aHC101
=082  04$a338.50973$222
=130  0\$aBusiness economics (Cleveland, Ohio : Online)
=222  \0$aBusiness economics$b(Cleveland, Ohio. Online)
=245  10$aBusiness economics$h[electronic resource].
=260  \\$a[Cleveland, Ohio] :$bNational Association of Business Economists
=260  2\$3Apr.-Oct. 2004$a[Cleveland, Ohio] :$bNational Association for Business Economics
=260  2\$32005-2008$aBoston :$bSpringer
=260  3\$32009-$aWashington, DC :$bNABE
=310  \\$aFour no. a year (plus a directory issue in Mar.),$b<Jan. 1984- >
=321  \\$aThree times a year,$b1965-
=336  \\$atext$2rdacontent
=337  \\$acomputer$2rdamedia
=338  \\$aonline resource$2rdacarrier
=362  1\$aPrint began in 1965.
=550  \\$aJournal of: National Association of Business Economists, <Oct. 1997>-Jan. 2004; National Association for Business Economics, Apr. 2004-
=500  \\$aDescription based on: Vol. 23, no. 1 (Jan. 1988); title from caption of PDF (viewed Nov. 15, 2004).
=500  \\$aLatest issue consulted: Vol. 43, no. 4 (Oct. 2008) (SpringerLink, viewed Mar. 23, 2011).
=530  \\$aAlso issued in print and on microfilm.
=538  \\$aMode of access: World Wide Web.
=540  \\$aCurrent copyright fee: GBP29.95$c22\1$5Uk
=650  \0$aManagerial economics$zUnited States$vPeriodicals.
=650  \0$aEconomics$zUnited States$vPeriodicals.
=650  \0$aBusiness$vPeriodicals.
=651  \0$aUnited States$xEconomic conditions$vPeriodicals.
=690  7\$aManagement and Business Studies$2blcoll
=710  2\$3<Oct. 1997>-Jan. 2004$aNational Association of Business Economists (U.S.)
=710  2\$3Apr. 2004-$aNational Association for Business Economics.
=776  08$iPrint version:$tBusiness economics (Cleveland, Ohio)$x0007-666X
=856  \\$31850-9999$uhttp://www.palgrave.com/home/index.asp$xBLDSS
=856  4\$uhttp://firstsearch.oclc.org$zAddress for accessing the journal using authorization number and password through OCLC FirstSearch Electronic Collections Online
=856  4\$uhttp://www.springerlink.com/content/112852/$zIssues to 2008 only
=856  40$uhttp://www.nabe.com/pubs.htm
=859  \\$aELD$bejournal
=859  \\$aXLD$bejournal
=852  41$aBritish Library$bHMNTS$jELD Digital store$3Volume 51:Issue 3(2015)-***Previous issue available in print copy
=852  \\$aBritish Library$bDSC$j2933.455000$3Volume 40:Issue 4(2005)-Volume 46:Issue 1(2011)***See ESTAR for full holdings.
=945  \\$aBusiness economics -National Association for Business Economics-
=959  \\$fHeld but not currently received
=CAT  \\$a7174$b40$c20060125$lBLL01$h1549
=CAT  \\$a8323$b40$c20110323$lBLL01$h1119
=CAT  \\$aBATCH-CLA$b00$c20121109$lBLL01$h1727
=CAT  \\$aBATCH-CLA$b00$c20130526$lBLL01$h1654
=CAT  \\$aBATCH-CLA$b00$c20140125$lBLL01$h1311
=CAT  \\$aBATCH-CLA$c20140225$lBLL01$h2326
=CAT  \\$aBATCH-UPD$b00$c20150423$lBLL01$h2154
=CAT  \\$aBATCH-UPD$b00$c20151202$lBLL01$h0247
=CAT  \\$aBLDSS-3PM$b00$c20160620$lBLL01$h1456
=CAT  \\$aBATCH-UPD$b00$c20160620$lBLL01$h1458
=CAT  \\$aBATCH-UPD$b00$c20171121$lBLL01$h1713
=CAT  \\$aIPL-CLA$c20171231$lBLL01$h1651
=CAT  \\$a14412$b40$c20180112$lBLL01$h1533
=CAT  \\$aBATCH-UPD$b40$c20180223$lBLL01$h1820
=CAT  \\$aIPL-CLA$c20180331$lBLL01$h1623
=CAT  \\$aBATCH-UPD$b00$c20180524$lBLL01$h1739
=CAT  \\$aIPL-CLA$c20180630$lBLL01$h1918
=CAT  \\$aBATCH-UPD$b00$c20180704$lBLL01$h0023
=CAT  \\$a5410$b40$c20200316$lBLL01$h1414
=CAT  \\$a5410$b40$c20200318$lBLL01$h0919
=CAT  \\$aW1908-0780$b00$c20200730$lBLL01$h1329
=CAT  \\$a5552$b40$c20200814$lBLL01$h1059
=CAT  \\$a5410$b40$c20210825$lBLL01$h1056
=CAT  \\$aCDS21$c20220118$lBLL01$h1105
=CAT  \\$aBATCH-UPD$b00$c20221121$lBLL01$h1400
=CAT  \\$aIPL-CLA$c20221231$lBLL01$h1447
=CFI  0\$aCurrent copyright fee: GBP29.95$c22\1$e01-jan-2023$fGBP29.95$g0$hP$5Uk
=CFI  2\$aPrevious copyright fee: GBP34.00$c22\1$e01-jul-2018$fGBP34.00$g0$hP$5Uk
=EST  \\$a1
=FFP  \\$aY$bBLDSS-3PM
=FIN  \\$aY$d20110209
=MNI  \\$a0007-666X
=SRC  \\$aBLL02
=TCO  \\$aTRS$bCCC$c008
=TCO  \\$aCLA$bCLA$c008
=TOC  \\$aETOC
=UNO  \\$aY
=ACF  \\$aPrevious copyright fee: GBP21.25$c22\8$e01-jan-2009$fGBP21.25$g0$hP$5Uk
=ACF  \\$aPrevious copyright fee: GBP16.75$c22\8$e01-jan-2007$fGBP16.75$g0$hP$5Uk
=ACF  \\$aPrevious copyright fee: GBP16.22$c22\8$e01-oct-2006$fGBP16.22$g0$hP$5Uk
=ACF  \\$aPrevious copyright fee: GBP17.14$c22\8$e01-apr-2006$fGBP17.14$g0$hP$5Uk
=ACF  \\$aPrevious Copyright Fee: GBP16.67$c22\8$e25-jan-2006$fGBP16.67$g0$hP$5Uk
=ACF  \\$aCurrent copyright fee: GBP22.00$c22\8$e01-apr-2009$fGBP22.00$g0$hP$5Uk
=ACF  \\$aPrevious copyright fee: GBP22.00$c39\0$e07-dec-2010$fGBP22.00$g0$hP$5Uk
=ACF  \\$aPrevious copyright fee: GBP30.74$c39\0$e01-jan-2018$fGBP30.74$g0$hP$5Uk
=ACF  \\$aPrevious copyright fee: GBP28.54$c39\0$e01-apr-2018$fGBP28.54$g0$hP$5Uk
=LAS  \\$aIPL-CLA$b00$c20221231$lBLL01$h1447

