=LDR  06026cas a2201273 a 4500
=001  013405370
=003  Uk
=005  20230519194528.0
=006  m\\\\\\\\d\\\\\\\\
=007  cr\cn|||||||||
=008  960906c19659999nyusr\pso\\\\\0\\\a0eng\c
=FMT  \\$a  SE
=010  \\$asn 96004529
=022  0\$a1090-6487$l0021-3640$y0021-3640$21
=035  \\$a(OCoLC)35392769$z(OCoLC)45219946$z(OCoLC)51169554$z(OCoLC)297630088
=037  \\$a???$bSpringer
=040  \\$aNSD$cNSD$dHLS$dMYG$dNSD$dOCL$dDLC$dOCLCQ$dIUL$dOCLCQ$dOCL$dDLC$dOCLCQ$dOCLCE$dOCL$dUk
=041  1\$aeng$hrus
=042  \\$ansdp$aukblsr
=050  14$aQC1
=082  04$a530.05$223
=130  0\$aPisʹma v Zhurnal ėksperimentalʹnoĭ i teoreticheskoĭ fiziki (Online).$lEnglish.
=210  0\$aJETP lett.$b(Online)
=222  \0$aJETP letters$b(Online)
=245  10$aJETP letters$h[electronic resource].
=246  3\$aJournal of theoretical and experimental physics letters online
=260  \\$aRussia :$bMAIK Nauka/Interperiodika ;$a[Melville, NY] :$bDistributed by the American Institute of Physics
=260  3\$a[Berlin] :$bSpringer
=310  \\$aSemimonthly
=336  \\$atext$2rdacontent
=337  \\$acomputer$2rdamedia
=338  \\$aonline resource$2rdacarrier
=362  1\$aPrint began with vol. 1 (Apr. 1965).
=500  \\$aAbstracts for 1975- also available online.
=588  \\$aDescription based on: Vol. 63, issue 1 (Jan. 10, 1996); title from introductory page, viewed June 6, 2002.
=588  \\$aLatest issue consulted: Vol. 94, issue 9 (Jan. 2012) (SpringerLink, viewed Jan. 10, 2012).
=510  0\$aChemical abstracts,$x0009-2258
=580  \\$6880-01$aAn English translation of the journal: Pis'ma v Zhurnal Eksperimental' noi i Teoreticheskoi Fiziki.
=540  \\$aCurrent copyright fee: GBP29.95$c22\1$5Uk
=650  \0$aPhysics$vPeriodicals.
=650  17$aNatuurkunde.$2gtt
=650  \6$aPhysique$vPériodiques.
=710  2\$aAmerican Institute of Physics.
=765  0\$tZhĖTF. Pisʹma v redakt︠s︡ii︠u︡
=765  0\$tPisḿa v Zhurnal ėksperimentalńoǐ i teoreticheskoǐ fiziki
=776  08$iPrint version:$tJETP letters$x0021-3640
=859  \\$aELD$bejournal
=880  \\$6580-01$aAn English translation of the journal: Письма в Журнал экспериментальной и теоретической физики.
=856  \\$31850-9999$uhttp://www.springer.com/gb/$xBLDSS
=856  4\$uhttp://ojps.aip.org/jetplo/$zLink no longer valid
=856  40$uhttp://www.springerlink.com/content/0021-3640/
=859  \\$aXLD$bejournal
=852  \\$aBritish Library$bDSC$j0412.741000$3Volume 63:Issue 1(1996)-Volume 107:Issue 1(2018)***See ESTAR for full holdings.
=852  41$aBritish Library$bHMNTS$jELD Digital store$3Volume 106:Issue 6(2017)-
=945  \\$aJETP LETTERS C/C OF PIS'MA V ZHURNAL EKSPERIMENTAL'NOI TEORETICHESKOI FIZIKI
=959  \\$fHeld but not currently received
=979  \\$aBritish Library$bDSC$j0412.741000
=CAT  \\$a7174$b40$c20060216$lBLL01$h1414
=CAT  \\$aBATCH-UPD$b00$c20150520$lBLL01$h1759
=CAT  \\$aIPL-CLA$c20150630$lBLL01$h1650
=CAT  \\$aBATCH-UPD$b00$c20150820$lBLL01$h1846
=CAT  \\$aIPL-CLA$c20150930$lBLL01$h1811
=CAT  \\$aBATCH-UPD$b00$c20160217$lBLL01$h1737
=CAT  \\$aIPL-CLA$c20160331$lBLL01$h1732
=CAT  \\$aBATCH-UPD$b00$c20160524$lBLL01$h2210
=CAT  \\$aBATCH-UPD$b00$c20160525$lBLL01$h0023
=CAT  \\$aBATCH-UPD$b00$c20160824$lBLL01$h1804
=CAT  \\$aIPL-CLA$c20160930$lBLL01$h1607
=CAT  \\$aBATCH-UPD$b00$c20170216$lBLL01$h1852
=CAT  \\$aIPL-CLA$c20170331$lBLL01$h1848
=CAT  \\$aBATCH-UPD$b00$c20170904$lBLL01$h1902
=CAT  \\$aIPL-CLA$c20170929$lBLL01$h1732
=CAT  \\$aBATCH-UPD$b00$c20180223$lBLL01$h1735
=CAT  \\$aIPL-CLA$c20180331$lBLL01$h1623
=CAT  \\$aW1805-0475$c20180520$lBLL01$h1632
=CAT  \\$aBATCH-UPD$b00$c20180524$lBLL01$h1722
=CAT  \\$aIPL-CLA$c20180630$lBLL01$h1918
=CAT  \\$aW1908-0780$b00$c20200730$lBLL01$h1329
=CAT  \\$a15190$b40$c20210106$lBLL01$h1541
=CAT  \\$aCDS21$c20220118$lBLL01$h1105
=CAT  \\$aBATCH-UPD$b00$c20221121$lBLL01$h1400
=CAT  \\$aIPL-CLA$c20221231$lBLL01$h1447
=CAT  \\$a5410$b40$c20230519$lBLL01$h1945
=CFI  0\$aCurrent copyright fee: GBP29.95$c22\1$e01-jan-2023$fGBP29.95$g0$hP$5Uk
=CFI  2\$aPrevious copyright fee: GBP34.00$c22\1$e01-jul-2018$fGBP34.00$g0$hP$5Uk
=EST  \\$a1
=FFP  \\$aY$bBLDSS-3PM
=FIN  \\$aY$d20120110
=LKR  \\$aPAR$b009180853$lBLL01$r776$mJETP letters (Online)$nJETP letters (Print)
=MNI  \\$a0021-3640
=SID  \\$aZ39$bOCLC
=TCO  \\$aTRS$bCCC$c008
=TOC  \\$aETOC
=UNO  \\$aY
=ACF  \\$aPrevious Copyright Fee: GBP16.67$c22\8$e16-feb-2006$fGBP16.67$g0$hP$5Uk
=ACF  \\$aPrevious copyright fee: GBP22.00$c22\8$e12-aug-2012$fGBP22.00$g0$hP$5Uk
=ACF  \\$aPrevious copyright fee: GBP25.00$c22\8$e01-jan-2013$fGBP25.00$g0$hP$5Uk
=ACF  \\$aPrevious copyright fee: GBP25.77$c22\8$e01-jul-2013$fGBP25.77$g0$hP$5Uk
=ACF  \\$aPrevious copyright fee: GBP24.97$c22\8$e01-jan-2014$fGBP24.97$g0$hP$5Uk
=ACF  \\$aPrevious copyright fee: GBP24.21$c22\8$e01-jul-2014$fGBP24.21$g0$hP$5Uk
=ACF  \\$aPrevious copyright fee: GBP25.77$c22\8$e01-apr-2015$fGBP25.77$g0$hP$5Uk
=ACF  \\$aPrevious copyright fee: GBP26.63$c22\8$e01-jul-2015$fGBP26.63$g0$hP$5Uk
=ACF  \\$aPrevious copyright fee: GBP25.77$c22\8$e01-oct-2015$fGBP25.77$g0$hP$5Uk
=ACF  \\$aPrevious copyright fee: GBP27.55$c22\8$e01-apr-2016$fGBP27.55$g0$hP$5Uk
=ACF  \\$aPrevious copyright fee: GBP29.59$c22\8$e01-oct-2016$fGBP29.59$g0$hP$5Uk
=ACF  \\$aPrevious copyright fee: GBP31.96$c22\8$e01-apr-2017$fGBP31.96$g0$hP$5Uk
=ACF  \\$aPrevious copyright fee: GBP30.73$c22\8$e01-oct-2017$fGBP30.73$g0$hP$5Uk
=ACF  \\$aPrevious copyright fee: GBP28.54$c22\8$e01-apr-2018$fGBP28.54$g0$hP$5Uk
=LAS  \\$a5410$b40$c20230519$lBLL01$h1945

