=LDR  06938cas a2201369 a 4500
=001  013417393
=003  Uk
=005  20221231144725.0
=006  m\\\\\\\\d\\\\\\\\
=007  cr\cn|||||||||
=008  060210c20069999gw\mr\pso\\\\\0\\\a0eng\d
=FMT  \\$a  SE
=010  \\$a2008263113
=022  \\$a1861-0692$l1861-0684$y1861-0684
=035  \\$a(OCoLC)63680272
=037  \\$a???$bSpringer
=040  \\$aCPV$beng$cCPV$dIXA$dOCLCS$dOCL$dTXA$dOCLCQ$dUk
=041  0\$aeng$ager
=042  \\$aukblsr
=050  14$aRC681.A1
=082  04$a616.12005$223
=130  0\$aClinical research in cardiology (Online)
=222  \0$aClinical research in cardiology$b(Internet)
=245  10$aClinical research in cardiology$h[electronic resource].
=260  \\$a[Darmstadt] :$bSteinkopff,$cc2006-
=260  3\$a[Berlin] :$bSpringer Science + Media
=310  \\$aMonthly
=336  \\$atext$2rdacontent
=337  \\$acomputer$2rdamedia
=338  \\$aonline resource$2rdacarrier
=362  1\$aBegan with: vol. 95, no. 1 (2006).
=525  \\$aHas separately numbered supplements.
=546  \\$aChiefly in English, with some contributions in German.
=550  \\$aOfficial journal of the German Cardiac Society (DGK) and Organ of Sektion Kardiologie im Berufsverband Deutscher Internisten.
=588  \\$aDescription based on first issue; title from PDF running title (SpringerLink, viewed Feb. 21, 2008).
=588  \\$aLatest issue consulted: Vol. 97, no. 2 (Feb. 2008) (viewed Feb. 21, 2008).
=540  \\$aCurrent copyright fee: GBP34.95$c22\1$5Uk
=650  \0$aCardiology$vPeriodicals.
=650  \0$aCardiovascular system$xSurgery$vPeriodicals.
=710  2\$aDeutsche Gesellschaft für Kardiologie - Herz- und Kreislaufforschung.
=710  2\$aBerufsverband Deutscher Internisten.$bSektion Kardiologie.
=770  0\$tClinical research in cardiology supplements$x1861-0714
=776  08$iIssued also in print:$tClinical research in cardiology$x1861-0684
=780  00$tZeitschrift für Kardiologie (Online)$x1435-1285
=859  \\$aELD$bejournal
=856  \\$31850-9999$uhttp://www.springer.com/gb/$xBLDSS
=856  40$uhttp://firstsearch.oclc.org$zAddress for accessing the journal using authorization number and password through OCLC FirstSearch Electronic Collections Online
=856  40$uhttp://firstsearch.oclc.org/journal=1861-0684;screen=info;ECOIP$zAddress for accessing the journal from an authorized IP address through OCLC FirstSearch Electronic Collections Online
=856  40$uhttp://libweb.cityu.edu.hk/cgi-bin/er/db/sprinser.pl?0300-5860$zonline access from SpringerLink
=856  40$uhttp://www.springerlink.com/content/1861-0684/
=856  40$uhttp://www.springerlink.com/openurl.asp?genre=journal&issn=1861-0684
=859  \\$aXLD$bejournal
=852  \\$aBritish Library$bDSC$j3286.372290$3Volume 90:Issue 2(2001)-Volume 107:Issue 3(2018)***See ESTAR for full holdings.
=852  41$aBritish Library$bHMNTS$jELD Digital store$3Volume 107:Issue 4(2018)-
=945  \\$aClinical research in cardiology
=959  \\$fHeld but not currently received
=979  \\$aBritish Library$bDSC$j3286.372290
=985  \\$aCONFERENCE ANALYTIC RECORDS EXIST
=CAT  \\$a7174$b40$c20060302$lBLL01$h1208
=CAT  \\$aBATCH-UPD$b00$c20150820$lBLL01$h1855
=CAT  \\$aIPL-CLA$c20150930$lBLL01$h1811
=CAT  \\$aBATCH-UPD$b00$c20160217$lBLL01$h1748
=CAT  \\$aIPL-CLA$c20160331$lBLL01$h1733
=CAT  \\$aBATCH-UPD$b00$c20160524$lBLL01$h2210
=CAT  \\$aBATCH-UPD$b00$c20160525$lBLL01$h0023
=CAT  \\$aBATCH-UPD$b00$c20160824$lBLL01$h1815
=CAT  \\$aIPL-CLA$c20160930$lBLL01$h1607
=CAT  \\$aBATCH-UPD$b00$c20170216$lBLL01$h1904
=CAT  \\$aIPL-CLA$c20170331$lBLL01$h1848
=CAT  \\$aBATCH-UPD$b00$c20170904$lBLL01$h1916
=CAT  \\$aIPL-CLA$c20170929$lBLL01$h1732
=CAT  \\$aBATCH-UPD$b00$c20180223$lBLL01$h1747
=CAT  \\$aIPL-CLA$c20180331$lBLL01$h1624
=CAT  \\$aW1805-0475$c20180520$lBLL01$h1632
=CAT  \\$aBATCH-UPD$b00$c20180524$lBLL01$h1733
=CAT  \\$aIPL-CLA$c20180630$lBLL01$h1918
=CAT  \\$aW1908-0780$b00$c20200730$lBLL01$h1329
=CAT  \\$a15190$b40$c20201015$lBLL01$h1008
=CAT  \\$a5552$b40$c20210811$lBLL01$h0658
=CAT  \\$aIPL-CLA$c20210930$lBLL01$h1528
=CAT  \\$aCDS21$c20220118$lBLL01$h1105
=CAT  \\$aBATCH-UPD$b00$c20221121$lBLL01$h1411
=CAT  \\$a5410$b40$c20221215$lBLL01$h0907
=CAT  \\$aIPL-CLA$c20221231$lBLL01$h1447
=CFI  0\$aCurrent copyright fee: GBP34.95$c22\1$e01-jan-2023$fGBP34.95$g0$hP$5Uk
=CFI  2\$aPrevious copyright fee: GBP43.00$c22\1$e01-oct-2021$fGBP43.00$g0$hP$5Uk
=EST  \\$a1
=FFP  \\$aY$bBLDSS-3PM
=FIN  \\$aY$d20120320
=LKR  \\$aPAR$b013096557$lBLL01$r780$mClinical research in cardiology (Online)$nZeitschrift für kardiologie (Online)
=LKR  \\$aPAR$b013402643$lBLL01$r776$mClinical research in cardiology [electronic resource].$nClinical research in cardiology (Print).
=MNI  \\$a1861-0684
=SID  \\$aZ39$bOCLC
=TCO  \\$aDEU$bVG WORT$c008
=TOC  \\$aETOC
=UNO  \\$aY
=ACF  \\$aPrevious copyright fee: GBP21.25$c23\7$e01-jan-2009$fGBP21.25$g0$hP$5Uk
=ACF  \\$aPrevious copyright fee: GBP16.75$c23\7$e01-jan-2007$fGBP16.75$g0$hP$5Uk
=ACF  \\$aPrevious copyright fee: GBP16.22$c23\7$e01-oct-2006$fGBP16.22$g0$hP$5Uk
=ACF  \\$aPrevious Copyright Fee: GBP17.14$c23\7$e01-apr-2006$fGBP17.14$g0$hP$5Uk
=ACF  \\$aPrevious Copyright Fee: GBP16.67$c23\7$e02-mar-2006$fGBP16.67$g0$hP$5Uk
=ACF  \\$aPrevious copyright fee: GBP22.00$c23\7$e01-apr-2009$fGBP22.00$g0$hP$5Uk
=ACF  \\$aPrevious copyright fee: GBP22.00$c23\7$e12-aug-2012$fGBP22.00$g0$hP$5Uk
=ACF  \\$aPrevious copyright fee: GBP25.00$c23\7$e01-jan-2013$fGBP25.00$g0$hP$5Uk
=ACF  \\$aPrevious copyright fee: GBP25.77$c23\7$e01-jul-2013$fGBP25.77$g0$hP$5Uk
=ACF  \\$aPrevious copyright fee: GBP24.97$c23\7$e01-jan-2014$fGBP24.97$g0$hP$5Uk
=ACF  \\$aPrevious copyright fee: GBP24.21$c23\7$e01-jul-2014$fGBP24.21$g0$hP$5Uk
=ACF  \\$aPrevious copyright fee: GBP25.77$c23\7$e01-apr-2015$fGBP25.77$g0$hP$5Uk
=ACF  \\$aPrevious copyright fee: GBP26.63$c23\7$e01-jul-2015$fGBP26.63$g0$hP$5Uk
=ACF  \\$aPrevious copyright fee: GBP25.77$c23\7$e01-oct-2015$fGBP25.77$g0$hP$5Uk
=ACF  \\$aPrevious copyright fee: GBP27.55$c23\7$e01-apr-2016$fGBP27.55$g0$hP$5Uk
=ACF  \\$aPrevious copyright fee: GBP29.59$c23\7$e01-oct-2016$fGBP29.59$g0$hP$5Uk
=ACF  \\$aPrevious copyright fee: GBP31.96$c23\7$e01-apr-2017$fGBP31.96$g0$hP$5Uk
=ACF  \\$aPrevious copyright fee: GBP30.73$c23\7$e01-oct-2017$fGBP30.73$g0$hP$5Uk
=ACF  \\$aPrevious copyright fee: GBP28.54$c23\7$e01-apr-2018$fGBP28.54$g0$hP$5Uk
=ACF  \\$aPrevious copyright fee: GBP34.00$c22\1$e01-jul-2018$fGBP34.00$g0$hP$5Uk
=LAS  \\$aIPL-CLA$b00$c20221231$lBLL01$h1447

