=LDR  06643cas a2201381 a 4500
=001  013440891
=003  Uk
=005  20230322105643.0
=006  m\\\\\\\\d\\\\\\\\
=007  cr\gnu||||||||
=008  050614c19779999gw\mr\pss\o\\\0\\\a0eng\c
=FMT  \\$a  SE
=010  \\$a2006264610
=022  0\$a1741-0444$y0140-0118
=035  \\$a(OCoLC)60630426$z(OCoLC)61107364
=037  \\$a???$bSpringer
=040  \\$aOCLCS$cOCLCS$dSBH$dHUA$dOCLCQ$dOCL$dOCLCQ$dUk
=041  0\$aeng$bfre$bger
=042  \\$aukblsr
=050  \4$aR895.A1$bI55
=060  \4$aW1$bME168M
=082  04$a610.28$223
=130  0\$aMedical & biological engineering & computing (Online)
=210  0\$aMed. biol. eng. comput.$b(Online)
=222  \0$aMedical & biological engineering & computing$b(Online)
=245  10$aMedical & biological engineering & computing$h[electronic resource].
=246  3\$aMedical and biological engineering and computing
=260  \\$a[Stevenage :$bPeter Peregrinus]
=260  3\$32006-$aBerlin :$bSpringer
=310  \\$aMonthly,$b2006-
=321  \\$aBimonthly,$b-2005
=336  \\$atext$2rdacontent
=337  \\$acomputer$2rdamedia
=338  \\$aonline resource$2rdacarrier
=362  1\$aPrint began with vol. 15, no. 1 (Jan. 1977).
=550  \\$aOfficial journal of the International Federation of Medical and Biological Engineering (IFMBE).
=500  \\$a"Journal of the International Federation for Medical & Biological Engineering."
=500  \\$aTitle from journal information screen (SpringerLink, viewed Aug. 7, 2006).
=500  \\$aLatest issue consulted: Vol. 44, no. 7 (July 2006) (SpringerLink, viewed Aug. 7, 2006).
=546  \\$aArticles in English; summaries in English, French, or German.
=580  \\$aIncludes issues of earlier title: Medical & biological engineering.
=540  \\$aCurrent copyright fee: GBP34.95$c22\1$5Uk
=650  \0$aBiomedical engineering$vPeriodicals.
=650  \0$aMedicine$xData processing$vPeriodicals.
=710  2\$aInternational Federation for Medical and Biological Engineering.
=776  08$iAlso available in print:$tMedical & biological engineering & computing$x0140-0118
=780  10$tMedical & biological engineering (Online)
=859  \\$aELD$bejournal
=856  \\$31850-9999$uhttp://www.springer.com/gb/$xBLDSS
=856  4\$uhttp://www.iee.org/Publish/Journals/ProfJourn/MBEC$zNo longer valid as of Aug. 7, 2006:
=856  40$uhttp://firstsearch.oclc.org$zAddress for accessing the journal using authorization number and password through OCLC FirstSearch Electronic Collections Online
=856  40$uhttp://www.springerlink.com/content/0140-0118
=856  40$uhttp://www.springerlink.com/link.asp?id=119997
=859  \\$aXLD$bejournal
=852  \\$aBritish Library$bDSC$j5525.770000$3Volume 35:Issue 2(1997)-Volume 56:Issue 4(2018)***See ESTAR for full holdings.
=852  41$aBritish Library$bHMNTS$jELD Digital store$3Volume 56:Issue 6(2018)-
=945  \\$aMEDICAL AND BIOLOGICAL ENGINEERING AND COMPUTING
=959  \\$fHeld but not currently received
=979  \\$aBritish Library$bDSC$j5525.770000
=985  \\$aISSN responsibility transferred to ISSN Germany 28/12/2012.
=CAT  \\$a7174$b40$c20060331$lBLL01$h1734
=CAT  \\$aBATCH-UPD$b00$c20150820$lBLL01$h1844
=CAT  \\$aIPL-CLA$c20150930$lBLL01$h1812
=CAT  \\$aBATCH-UPD$b00$c20160217$lBLL01$h1735
=CAT  \\$aIPL-CLA$c20160331$lBLL01$h1733
=CAT  \\$aBATCH-UPD$b00$c20160520$lBLL01$h0825
=CAT  \\$aBATCH-UPD$b00$c20160524$lBLL01$h2210
=CAT  \\$aBATCH-UPD$b00$c20160824$lBLL01$h1802
=CAT  \\$aIPL-CLA$c20160930$lBLL01$h1607
=CAT  \\$aBATCH-UPD$b00$c20170216$lBLL01$h1850
=CAT  \\$aIPL-CLA$c20170331$lBLL01$h1848
=CAT  \\$aBATCH-UPD$b00$c20170904$lBLL01$h1900
=CAT  \\$aIPL-CLA$c20170929$lBLL01$h1733
=CAT  \\$aBATCH-UPD$b00$c20180223$lBLL01$h1733
=CAT  \\$aIPL-CLA$c20180331$lBLL01$h1624
=CAT  \\$aW1805-0475$c20180520$lBLL01$h1632
=CAT  \\$aBATCH-UPD$b00$c20180524$lBLL01$h1720
=CAT  \\$aIPL-CLA$c20180630$lBLL01$h1919
=CAT  \\$aW1908-0780$b00$c20200730$lBLL01$h1329
=CAT  \\$a15190$b40$c20210310$lBLL01$h1515
=CAT  \\$a5552$b40$c20210823$lBLL01$h1040
=CAT  \\$aIPL-CLA$c20210930$lBLL01$h1528
=CAT  \\$aCDS21$c20220118$lBLL01$h1105
=CAT  \\$aBATCH-UPD$b00$c20221121$lBLL01$h1411
=CAT  \\$aIPL-CLA$c20221231$lBLL01$h1447
=CAT  \\$a5410$b40$c20230322$lBLL01$h1056
=CFI  0\$aCurrent copyright fee: GBP34.95$c22\1$e01-jan-2023$fGBP34.95$g0$hP$5Uk
=CFI  2\$aPrevious copyright fee: GBP43.00$c22\1$e01-oct-2021$fGBP43.00$g0$hP$5Uk
=EST  \\$a1
=FFP  \\$aY$bBLDSS-3PM
=FIN  \\$aY$d20121004
=LEO  \\$aMP22.0000071166
=MNI  \\$a0140-0118
=SID  \\$aZ39$bOCLC
=SRC  \\$aISN01$bbibmp22.200404.2.aa
=TCO  \\$aCLA$bCLA$c008
=TOC  \\$aETOC
=UNO  \\$aY
=ACF  \\$aPrevious copyright fee: GBP21.25$c22\7$e01-jan-2009$fGBP21.25$g0$hP$5Uk
=ACF  \\$aPrevious copyright fee: GBP16.75$c22\7$e01-jan-2007$fGBP16.75$g0$hP$5Uk
=ACF  \\$aPrevious copyright fee: GBP16.22$c22\7$e01-oct-2006$fGBP16.22$g0$hP$5Uk
=ACF  \\$aPrevious Copyright Fee: GBP17.14$c22\7$e01-apr-2006$fGBP17.14$g0$hP$5Uk
=ACF  \\$aPrevious copyright fee: GBP22.00$c22\7$e01-apr-2009$fGBP22.00$g0$hP$5Uk
=ACF  \\$aPrevious copyright fee: GBP22.00$c22\7$e12-aug-2012$fGBP22.00$g0$hP$5Uk
=ACF  \\$aPrevious copyright fee: GBP25.00$c22\7$e01-jan-2013$fGBP25.00$g0$hP$5Uk
=ACF  \\$aPrevious copyright fee: GBP25.77$c22\7$e01-jul-2013$fGBP25.77$g0$hP$5Uk
=ACF  \\$aPrevious copyright fee: GBP24.97$c22\7$e01-jan-2014$fGBP24.97$g0$hP$5Uk
=ACF  \\$aPrevious copyright fee: GBP24.21$c22\7$e01-jul-2014$fGBP24.21$g0$hP$5Uk
=ACF  \\$aPrevious copyright fee: GBP25.77$c22\7$e01-apr-2015$fGBP25.77$g0$hP$5Uk
=ACF  \\$aPrevious copyright fee: GBP26.63$c22\7$e01-jul-2015$fGBP26.63$g0$hP$5Uk
=ACF  \\$aPrevious copyright fee: GBP25.77$c22\7$e01-oct-2015$fGBP25.77$g0$hP$5Uk
=ACF  \\$aPrevious copyright fee: GBP27.55$c22\7$e01-apr-2016$fGBP27.55$g0$hP$5Uk
=ACF  \\$aPrevious copyright fee: GBP29.59$c22\7$e01-oct-2016$fGBP29.59$g0$hP$5Uk
=ACF  \\$aPrevious copyright fee: GBP31.96$c22\7$e01-apr-2017$fGBP31.96$g0$hP$5Uk
=ACF  \\$aPrevious copyright fee: GBP30.73$c22\7$e01-oct-2017$fGBP30.73$g0$hP$5Uk
=ACF  \\$aPrevious copyright fee: GBP28.54$c22\7$e01-apr-2018$fGBP28.54$g0$hP$5Uk
=ACF  \\$aPrevious copyright fee: GBP34.00$c22\1$e01-jul-2018$fGBP34.00$g0$hP$5Uk
=LAS  \\$a5410$b40$c20230322$lBLL01$h1056

