=LDR  06056cas a2201249 a 4500
=001  013453912
=003  Uk
=005  20221231144734.0
=006  m\\\\\\\\d\\\\\\\\
=007  cr\cn|||||||||
=008  060623c20069999sz\qx\pso\\\\\0\\\b0ger\d
=FMT  \\$a  SE
=022  \\$a1661-5867$l1661-5751
=035  \\$a(OCoLC)70164755
=037  \\$a???$bSpringer
=040  \\$aCPV$beng$cCPV$dOCL$dDLC$dMUQ$dAUD$dOCLCQ$dCIT$dOCLCQ$dUk
=041  0\$ager$aeng
=042  \\$aukblsr
=050  14$aTX531
=082  04$a363.192$223
=130  0\$aJournal für Verbraucherschutz und Lebensmittelsicherheit (Online)
=210  1\$aJ. Verbrauch.schutz Lebensm.sicherh.$b(Internet)
=222  \0$aJournal für Verbraucherschutz und Lebensmittelsicherheit$b(Internet)
=245  10$aJournal für Verbraucherschutz und Lebensmittelsicherheit$h[electronic resource] =$bjournal of consumer protection and food safety.
=246  31$aJournal of consumer protection and food safety
=246  13$aJVL
=260  \\$aBasel :$bBirkhäuser,$cc2006-
=260  3\$a[Basel] :$bSpringer Science + Media
=310  \\$a4 issues a year plus 1-2 suppl.
=336  \\$atext$2rdacontent
=337  \\$acomputer$2rdamedia
=338  \\$aonline resource$2rdacarrier
=362  0\$aVol. 1, no. 1 (2006)-
=588  \\$aTitle from journal information screen (SpringerLink, viewed June 8, 2006).
=588  \\$aLatest issue consulted: Vol. 7, no. 2 (June 2012) (SpringerLink, viewed June 19, 2012).
=546  \\$aGerman and English.
=540  \\$aCurrent copyright fee: GBP29.95$c22\1$5Uk
=650  \0$aFood$xSafety measures$vPeriodicals.
=650  \0$aConsumer protection$vPeriodicals.
=650  \6$aAliments$xSécurité$xMesures$vPériodiques.
=650  \6$aConsommateurs$xProtection$vPériodiques.
=655  \0$aElectronic journals.
=776  08$iPrint version:$tJournal für Verbraucherschutz und Lebensmittelsicherheit$x1661-5751
=859  \\$aELD$bejournal
=856  \\$31850-9999$uhttp://www.springer.com/gb/$xBLDSS
=856  4\$uhttp://firstsearch.oclc.org$zAddress for accessing the journal using authorization number and password through OCLC FirstSearch Electronic Collections Online
=856  4\$uhttp://firstsearch.oclc.org/journal=1661-5751;screen=info;ECOIP$zAddress for accessing the journal from an authorized IP address through OCLC FirstSearch Electronic Collections Online
=856  40$uhttp://www.springerlink.com/content/120023/
=856  40$uhttp://www.springerlink.com/content/1661-5751/
=859  \\$aXLD$bejournal
=852  \\$aBritish Library$bDSC$j5072.309000$3Volume 1:Issue 1(2006)-Volume 13:Issue 1(2018)***See ESTAR for full holdings.
=852  41$aBritish Library$bHMNTS$jELD Digital store$3Volume 13:Issue 1(2018)-
=945  \\$aJournal für verbraucherschutz und lebensmittelsicherheit
=959  \\$fHeld but not currently received
=979  \\$aBritish Library$bDSC$j5072.309000
=CAT  \\$a7174$b40$c20060425$lBLL01$h1116
=CAT  \\$aBATCH-UPD$b00$c20150520$lBLL01$h1750
=CAT  \\$aIPL-CLA$c20150630$lBLL01$h1650
=CAT  \\$aBATCH-UPD$b00$c20150820$lBLL01$h1837
=CAT  \\$aIPL-CLA$c20150930$lBLL01$h1812
=CAT  \\$aBATCH-UPD$b00$c20160217$lBLL01$h1728
=CAT  \\$aIPL-CLA$c20160331$lBLL01$h1733
=CAT  \\$aBATCH-UPD$b00$c20160524$lBLL01$h2210
=CAT  \\$aBATCH-UPD$b00$c20160525$lBLL01$h0024
=CAT  \\$aBATCH-UPD$b00$c20160824$lBLL01$h1755
=CAT  \\$aIPL-CLA$c20160930$lBLL01$h1608
=CAT  \\$aBATCH-UPD$b00$c20170216$lBLL01$h1843
=CAT  \\$aIPL-CLA$c20170331$lBLL01$h1848
=CAT  \\$aBATCH-UPD$b00$c20170904$lBLL01$h1852
=CAT  \\$aIPL-CLA$c20170929$lBLL01$h1733
=CAT  \\$aBATCH-UPD$b00$c20180223$lBLL01$h1721
=CAT  \\$aIPL-CLA$c20180331$lBLL01$h1624
=CAT  \\$aW1805-0475$c20180520$lBLL01$h1632
=CAT  \\$aBATCH-UPD$b00$c20180524$lBLL01$h1714
=CAT  \\$aIPL-CLA$c20180630$lBLL01$h1919
=CAT  \\$aW1908-0780$b00$c20200730$lBLL01$h1329
=CAT  \\$a15190$b40$c20210212$lBLL01$h1146
=CAT  \\$aCDS21$c20220118$lBLL01$h1105
=CAT  \\$a5410$b40$c20221119$lBLL01$h1553
=CAT  \\$aBATCH-UPD$b40$c20221121$lBLL01$h1401
=CAT  \\$aIPL-CLA$c20221231$lBLL01$h1447
=CFI  0\$aCurrent copyright fee: GBP29.95$c22\1$e01-jan-2023$fGBP29.95$g0$hP$5Uk
=CFI  2\$aPrevious copyright fee: GBP34.00$c22\1$e01-jul-2018$fGBP34.00$g0$hP$5Uk
=EST  \\$a1
=FFP  \\$aY$bBLDSS-3PM
=FIN  \\$aY$d20120619
=LKR  \\$aPAR$b013466662$lBLL01$r776$mJournal für Verbraucherschutz und Lebensmittelsicherheit (Internet)$nJournal für Verbraucherschutz und Lebensmittelsicherheit (Print)
=MNI  \\$a1661-5751
=SID  \\$aZ39$bOCLC
=TCO  \\$aDEU$bVG WORT$c008
=TOC  \\$aETOC
=UNO  \\$aY
=ACF  \\$aPrevious Copyright Fee: GBP17.14$c22\3$e25-apr-2006$fGBP17.14$g0$hP$5Uk
=ACF  \\$aPrevious copyright fee: GBP22.00$c22\3$e12-aug-2012$fGBP22.00$g0$hP$5Uk
=ACF  \\$aPrevious copyright fee: GBP25.00$c22\3$e01-jan-2013$fGBP25.00$g0$hP$5Uk
=ACF  \\$aPrevious copyright fee: GBP25.77$c22\3$e01-jul-2013$fGBP25.77$g0$hP$5Uk
=ACF  \\$aPrevious copyright fee: GBP24.97$c22\3$e01-jan-2014$fGBP24.97$g0$hP$5Uk
=ACF  \\$aPrevious copyright fee: GBP24.21$c22\3$e01-jul-2014$fGBP24.21$g0$hP$5Uk
=ACF  \\$aPrevious copyright fee: GBP25.77$c22\3$e01-apr-2015$fGBP25.77$g0$hP$5Uk
=ACF  \\$aPrevious copyright fee: GBP26.63$c22\3$e01-jul-2015$fGBP26.63$g0$hP$5Uk
=ACF  \\$aPrevious copyright fee: GBP25.77$c22\3$e01-oct-2015$fGBP25.77$g0$hP$5Uk
=ACF  \\$aPrevious copyright fee: GBP27.55$c22\3$e01-apr-2016$fGBP27.55$g0$hP$5Uk
=ACF  \\$aPrevious copyright fee: GBP29.59$c22\3$e01-oct-2016$fGBP29.59$g0$hP$5Uk
=ACF  \\$aPrevious copyright fee: GBP31.96$c22\3$e01-apr-2017$fGBP31.96$g0$hP$5Uk
=ACF  \\$aPrevious copyright fee: GBP30.73$c22\3$e01-oct-2017$fGBP30.73$g0$hP$5Uk
=ACF  \\$aPrevious copyright fee: GBP28.54$c22\3$e01-apr-2018$fGBP28.54$g0$hP$5Uk
=LAS  \\$aIPL-CLA$b00$c20221231$lBLL01$h1447

