=LDR  05487cas a2201189 a 4500
=001  013500710
=003  Uk
=005  20230430123346.0
=006  m\\\\\o\\d\\\\\\\\
=007  cr\un|||||||||
=008  060814c19959999gw\br\p\o\\\\\0\\\a0eng\d
=FMT  \\$a  SE
=022  0\$a1862-0760$l0947-7047
=035  \\$a(OCoLC)70889808
=037  \\$a???$bSpringer
=040  \\$aIWA$beng$cIWA$dOCL$dNJN$dMUQ$dKSU$dCIT$dOCLCQ$dUk
=042  \\$aukblsr
=050  14$aQD562.M54
=082  04$a541.3723$223
=210  1\$aIonics$b(Berl., Internet)
=222  \0$aIonics$b(Berlin. Internet)
=245  00$aIonics$h[electronic resource].
=260  \\$aBerlin :$bSpringer
=310  \\$aSix no. a year
=336  \\$atext$2rdacontent
=337  \\$acomputer$2rdamedia
=338  \\$aonline resource$2rdacarrier
=362  1\$aBegan with: V. 1, no. 1 (Jan. 1995).
=515  \\$aSome no. combined.
=588  \\$aDescription based on: V. 3, no. 1 (Jan. 1997); title from journal home page (SpringerLink, viewed Nov. 25, 2009).
=588  \\$aLatest issue consulted: volume 20, issue 9 (September 2014) (SpringerLink, viewed Spetember 17, 2014).
=540  \\$aCurrent copyright fee: GBP29.95$c22\1$5Uk
=650  \0$aIonic mobility$xResearch$vPeriodicals.
=650  \0$aElectrochemistry$vPeriodicals.
=650  \6$aIons$xMobilité$xRecherche$vPériodiques.
=650  \6$aÉlectrochimie$vPériodiques.
=655  \0$aElectronic journals.
=776  08$iAlso issued online as:$tIonics$x0947-7047
=859  \\$aELD$bejournal
=856  \\$31850-9999$uhttp://www.springer.com/gb/$xBLDSS
=856  4\$uhttp://firstsearch.oclc.org$zAddress for accessing the journal using authorization number and password through OCLC FirstSearch Electronic Collections Online
=856  4\$uhttp://firstsearch.oclc.org/journal=0947-7047;screen=info;ECOIP$zAddress for accessing the journal from an authorized IP address through OCLC FirstSearch Electronic Collections Online
=856  40$uhttp://link.springer.com/journal/11581
=856  40$uhttp://www.springerlink.com/openurl.asp?genre=journal&issn=0947-7047
=859  \\$aXLD$bejournal
=852  \\$aBritish Library$bDSC$j4564.834800$3Volume 6:Issue 5/6(2000)-Volume 24:Issue 3(2018)***See ESTAR for full holdings.
=852  41$aBritish Library$bHMNTS$jELD Digital store$3Volume 24:Issue 5(2018)-
=945  \\$aIonics -Kiel-
=959  \\$fHeld but not currently received
=979  \\$aBritish Library$bDSC$j4564.834800
=CAT  \\$a7174$b40$c20060627$lBLL01$h1733
=CAT  \\$aBATCH-UPD$b00$c20150520$lBLL01$h1750
=CAT  \\$aIPL-CLA$c20150630$lBLL01$h1651
=CAT  \\$aBATCH-UPD$b00$c20150820$lBLL01$h1838
=CAT  \\$aIPL-CLA$c20150930$lBLL01$h1813
=CAT  \\$aBATCH-UPD$b00$c20160217$lBLL01$h1728
=CAT  \\$aIPL-CLA$c20160331$lBLL01$h1734
=CAT  \\$aBATCH-UPD$b00$c20160524$lBLL01$h2211
=CAT  \\$aBATCH-UPD$b00$c20160525$lBLL01$h0024
=CAT  \\$aBATCH-UPD$b00$c20160824$lBLL01$h1755
=CAT  \\$aIPL-CLA$c20160930$lBLL01$h1608
=CAT  \\$aBATCH-UPD$b00$c20170216$lBLL01$h1843
=CAT  \\$aIPL-CLA$c20170331$lBLL01$h1849
=CAT  \\$aBATCH-UPD$b00$c20170904$lBLL01$h1852
=CAT  \\$aIPL-CLA$c20170929$lBLL01$h1733
=CAT  \\$aBATCH-UPD$b00$c20180223$lBLL01$h1721
=CAT  \\$aIPL-CLA$c20180331$lBLL01$h1625
=CAT  \\$aW1805-0475$c20180520$lBLL01$h1632
=CAT  \\$aBATCH-UPD$b00$c20180524$lBLL01$h1714
=CAT  \\$aIPL-CLA$c20180630$lBLL01$h1919
=CAT  \\$aW1908-0780$b00$c20200730$lBLL01$h1329
=CAT  \\$a15190$b40$c20201217$lBLL01$h1542
=CAT  \\$aCDS21$c20220118$lBLL01$h1105
=CAT  \\$aBATCH-UPD$b00$c20221121$lBLL01$h1401
=CAT  \\$aIPL-CLA$c20221231$lBLL01$h1447
=CAT  \\$a5410$b40$c20230430$lBLL01$h1233
=CFI  0\$aCurrent copyright fee: GBP29.95$c22\1$e01-jan-2023$fGBP29.95$g0$hP$5Uk
=CFI  2\$aPrevious copyright fee: GBP34.00$c22\1$e01-jul-2018$fGBP34.00$g0$hP$5Uk
=EST  \\$a1
=FFP  \\$aY$bBLDSS-3PM
=FIN  \\$aY$d20140917
=LKR  \\$aPAR$b009862712$lBLL01$r776$mIonics (Online)$nIonics (Print)
=MNI  \\$a0947-7047
=SID  \\$aZ39$bOCLC
=TCO  \\$aDEU$bVG WORT$c008
=TOC  \\$aETOC
=UNO  \\$aY
=ACF  \\$aPrevious Copyright Fee: GBP17.14$c22\3$e27-jun-2006$fGBP17.14$g0$hP$5Uk
=ACF  \\$aPrevious copyright fee: GBP22.00$c22\3$e12-aug-2012$fGBP22.00$g0$hP$5Uk
=ACF  \\$aPrevious copyright fee: GBP25.00$c22\3$e01-jan-2013$fGBP25.00$g0$hP$5Uk
=ACF  \\$aPrevious copyright fee: GBP25.77$c22\3$e01-jul-2013$fGBP25.77$g0$hP$5Uk
=ACF  \\$aPrevious copyright fee: GBP24.97$c22\3$e01-jan-2014$fGBP24.97$g0$hP$5Uk
=ACF  \\$aPrevious copyright fee: GBP24.21$c22\3$e01-jul-2014$fGBP24.21$g0$hP$5Uk
=ACF  \\$aPrevious copyright fee: GBP25.77$c22\3$e01-apr-2015$fGBP25.77$g0$hP$5Uk
=ACF  \\$aPrevious copyright fee: GBP26.63$c22\3$e01-jul-2015$fGBP26.63$g0$hP$5Uk
=ACF  \\$aPrevious copyright fee: GBP25.77$c22\3$e01-oct-2015$fGBP25.77$g0$hP$5Uk
=ACF  \\$aPrevious copyright fee: GBP27.55$c22\3$e01-apr-2016$fGBP27.55$g0$hP$5Uk
=ACF  \\$aPrevious copyright fee: GBP29.59$c22\3$e01-oct-2016$fGBP29.59$g0$hP$5Uk
=ACF  \\$aPrevious copyright fee: GBP31.96$c22\3$e01-apr-2017$fGBP31.96$g0$hP$5Uk
=ACF  \\$aPrevious copyright fee: GBP30.73$c22\3$e01-oct-2017$fGBP30.73$g0$hP$5Uk
=ACF  \\$aPrevious copyright fee: GBP28.54$c22\3$e01-apr-2018$fGBP28.54$g0$hP$5Uk
=LAS  \\$a5410$b40$c20230430$lBLL01$h1233

