=LDR  06307cas a2201321 a 4500
=001  013696498
=003  Uk
=005  20230317141412.0
=006  m\\\\\o\\d\\\\\\\\
=007  cr\|||||||||||
=008  001005c19819999xxuzx\pso\\\\\0\\\a0eng\c
=FMT  \\$a  SE
=010  \\$a  2005215870
=022  0\$a1559-0291
=035  \\$a(OCoLC)45126024
=037  \\$a???$bSpringer
=040  \\$aOCoLC$beng$cOCoLC$dOCoLC$dNSDP$dMiEM$dOCoLC$dPPiU-H$dOCoLC$dUk
=042  \\$aukblsr
=050  14$aTP248.3
=082  04$a660.6305$223
=130  0\$aApplied biochemistry and biotechnology (Online)
=210  0\$aAppl. biochem. biotechnol.$b(Online)
=222  \0$aApplied biochemistry and biotechnology$b(Online)
=245  10$aApplied biochemistry and biotechnology$h[electronic resource] :$bABAB.
=246  30$aABAB
=246  13$aEnzyme engineering and biotechnology
=260  \\$a[Totowa, N.J.] :$bHumana Press
=264  31$a[New York] :$bSpringer US
=310  \\$aFrequency varies
=336  \\$atext$2rdacontent
=337  \\$acomputer$2rdamedia
=338  \\$aonline resource$2rdacarrier
=362  1\$aPrint began with vol. 6, no. 1 (Mar. 1981).
=500  \\$aIssues for <Jan. 2000>- called: Part A, Enzyme engineering and biotechnology.
=530  \\$aAlso issued in print.
=538  \\$aMode of access: World Wide Web.
=588  \\$aDescription based on: Vol. 83 (Jan. 2000); title from journal information screen (viewed Oct. 5, 2000).
=588  \\$aLatest issue consulted: volume 177, issue 4 (October 2015) (SpringerLink Web site, viewed October 2, 2015).
=540  \\$aCurrent copyright fee: GBP29.95$c22\1$5Uk
=650  \0$aSolid-phase biochemistry$vPeriodicals.
=650  \0$aBiotechnology$vPeriodicals.
=650  \2$aBiochemistry$vPeriodicals.
=650  \2$aBiomedical Engineering$vPeriodicals.
=776  08$iPrint version:$tApplied biochemistry and biotechnology$x0273-2289
=780  00$tJournal of solid-phase biochemistry$x2168-8109
=785  01$tMolecular biotechnology$x1559-0305
=856  \\$31850-9999$uhttp://www.springer.com/gb/$xBLDSS
=856  4\$uhttp://journals.humanapress.com/JournalTOC.pasp?issn=0273-2289$zLink no longer valid
=856  4\$uhttp://www.ingentaconnect.com/content/hum/abab$zLink no longer valid
=856  40$uhttp://www.springerlink.com/content/120548/
=856  40$uhttp://firstsearch.oclc.org$zAddress for accessing the journal using authorization number and password through OCLC FirstSearch Electronic Collections Online
=859  \\$aXLD$bejournal
=859  \\$aELD$bejournal
=852  41$aBritish Library$bDSC$j1571.880000$3Volume 67:Issue 1/2(1997)-Volume 184:Issue 3(2018)***See ESTAR for full holdings.
=852  41$aBritish Library$bHMNTS$jELD Digital store$3Volume 185:Issue 2(2018)-
=945  \\$aApplied biochemistry and biotechnology.
=959  \\$fHeld but not currently received
=979  \\$aBritish Library$bDSC$j1571.880000
=CAT  \\$a7174$b40$c20070315$lBLL01$h1157
=CAT  \\$a11316$b40$c20151002$lBLL01$h1354
=CAT  \\$a11316$b40$c20151002$lBLL01$h1356
=CAT  \\$a11316$b40$c20151002$lBLL01$h1403
=CAT  \\$a11316$b40$c20151002$lBLL01$h1406
=CAT  \\$aBATCH-UPD$b40$c20160217$lBLL01$h1646
=CAT  \\$aIPL-CLA$c20160331$lBLL01$h1739
=CAT  \\$aBATCH-UPD$b00$c20160524$lBLL01$h2157
=CAT  \\$aBATCH-UPD$b00$c20160524$lBLL01$h2251
=CAT  \\$aBATCH-UPD$b00$c20160824$lBLL01$h1723
=CAT  \\$aIPL-CLA$c20160930$lBLL01$h1612
=CAT  \\$aBATCH-UPD$b00$c20170216$lBLL01$h1810
=CAT  \\$aIPL-CLA$c20170331$lBLL01$h1851
=CAT  \\$aBATCH-UPD$b00$c20170904$lBLL01$h1812
=CAT  \\$aIPL-CLA$c20170929$lBLL01$h1736
=CAT  \\$aBATCH-UPD$b00$c20180223$lBLL01$h1629
=CAT  \\$aIPL-CLA$c20180331$lBLL01$h1628
=CAT  \\$aW1805-0475$c20180520$lBLL01$h1632
=CAT  \\$aBATCH-UPD$b00$c20180524$lBLL01$h1700
=CAT  \\$aIPL-CLA$c20180630$lBLL01$h1921
=CAT  \\$aW1908-0780$b00$c20200730$lBLL01$h1330
=CAT  \\$a15190$b40$c20201001$lBLL01$h1137
=CAT  \\$aCDS21$c20220118$lBLL01$h1105
=CAT  \\$aBATCH-UPD$b00$c20221121$lBLL01$h1401
=CAT  \\$aIPL-CLA$c20221231$lBLL01$h1448
=CAT  \\$a5410$b40$c20230317$lBLL01$h1414
=CFI  0\$aCurrent copyright fee: GBP29.95$c22\1$e01-jan-2023$fGBP29.95$g0$hP$5Uk
=CFI  2\$aPrevious copyright fee: GBP34.00$c22\1$e01-jul-2018$fGBP34.00$g0$hP$5Uk
=EST  \\$a1
=FFP  \\$aY$bBLDSS-3PM
=FIN  \\$aY$d20151002
=LKR  \\$aPAR$b009558273$lBLL01$r776$mApplied biochemistry and biotechnology (Online)$nApplied biochemistry and biotechnology (Print)
=LKR  \\$aPAR$b013731691$lBLL01$r78501$mApplied biochemistry and biotechnology (Online)$nMolecular biotechnology (Online)
=MNI  \\$a0273-2289
=SRC  \\$aBLL02
=TCO  \\$aTRS$bCCC$c008
=TOC  \\$aETOC
=UNO  \\$aY
=ACF  \\$aPrevious copyright fee: GBP21.25$c13\6$e01-jan-2009$fGBP21.25$g0$hP$5Uk
=ACF  \\$aPrevious Copyright Fee: GBP16.75$c13\6$e15-mar-2006$fGBP16.75$g0$hP$5Uk
=ACF  \\$aPrevious copyright fee: GBP22.00$c13\6$e01-apr-2009$fGBP22.00$g0$hP$5Uk
=ACF  \\$aPrevious copyright fee: GBP22.00$c13\6$e12-aug-2012$fGBP22.00$g0$hP$5Uk
=ACF  \\$aPrevious copyright fee: GBP25.00$c13\6$e01-jan-2013$fGBP25.00$g0$hP$5Uk
=ACF  \\$aPrevious copyright fee: GBP25.77$c13\6$e01-jul-2013$fGBP25.77$g0$hP$5Uk
=ACF  \\$aPrevious copyright fee: GBP24.97$c13\6$e01-jan-2014$fGBP24.97$g0$hP$5Uk
=ACF  \\$aPrevious copyright fee: GBP24.21$c13\6$e01-jul-2014$fGBP24.21$g0$hP$5Uk
=ACF  \\$aPrevious copyright fee: GBP25.77$c13\6$e01-apr-2015$fGBP25.77$g0$hP$5Uk
=ACF  \\$aPrevious copyright fee: GBP26.63$c13\6$e01-jul-2015$fGBP26.63$g0$hP$5Uk
=ACF  \\$aPrevious copyright fee: GBP25.77$c13\6$e01-oct-2015$fGBP25.77$g0$hP$5Uk
=ACF  \\$aPrevious copyright fee: GBP27.55$c13\6$e01-apr-2016$fGBP27.55$g0$hP$5Uk
=ACF  \\$aPrevious copyright fee: GBP29.59$c13\6$e01-oct-2016$fGBP29.59$g0$hP$5Uk
=ACF  \\$aPrevious copyright fee: GBP31.96$c13\6$e01-apr-2017$fGBP31.96$g0$hP$5Uk
=ACF  \\$aPrevious copyright fee: GBP30.73$c13\6$e01-oct-2017$fGBP30.73$g0$hP$5Uk
=ACF  \\$aPrevious copyright fee: GBP28.54$c13\6$e01-apr-2018$fGBP28.54$g0$hP$5Uk
=LAS  \\$a5410$b40$c20230317$lBLL01$h1414

