=LDR  05898cas a2201261 a 4500
=001  013710484
=003  Uk
=005  20230422114629.0
=006  m\\\\\\\\d\\\\\\\\
=007  cr||||||||||||
=008  971013c19919999xxumr\pss\\\\\0\\\a0eng\d
=FMT  \\$a  SE
=022  \\$a1708-0428
=035  \\$a(OCoLC)37775272
=037  \\$a???$bSpringer
=040  \\$aF#A$beng$cF#A$dOCL$dOCLCQ$dOCL$dOCLCQ$dMUQ$dPFM$dOCLCQ$dUk
=050  \4$aRC628
=082  04$a617.43$222
=130  0\$aObesity surgery (Online)
=245  10$aObesity surgery$h[electronic resource].
=260  \\$a[Oxford] :$bRapid Science Publishers
=260  3\$aNew York :$bSpringer
=310  \\$aMonthly,$b2006-
=321  \\$aTen issues yearly,$b2004-2005
=321  \\$aSix issues yearly,{dollar}b-2003
=336  \\$atext$2rdacontent
=337  \\$acomputer$2rdamedia
=338  \\$aonline resource$2rdacarrier
=362  1\$aPrint began with issue for Mar. 1991.
=530  \\$aAlso issued in print.
=538  \\$aMode of access: World Wide Web.
=550  \\$aOfficial journal of the American Society for Bariatric Surgery and of the Obesity Surgery Society of Australia and New Zealand.
=550  \\$a<2007>-, the official journal of the International Federation for the Surgery of Obesity and Metabolic Disorders.
=588  \\$aDescription based on: Vol. 7, no. 1 (1997); title from journal information screen.
=588  \\$aLatest issue consulted: Vol. 21, no. 6 (June 2011) (viewed June 1, 2011).
=540  \\$aCurrent copyright fee: GBP34.95$c22\1$5Uk
=650  \0$aObesity$xSurgery$vPeriodicals.
=710  2\$aAmerican Society for Bariatric Surgery.
=710  2\$aObesity Surgery Society of Australia and New Zealand.
=710  2\$aInternational Federation for the Surgery of Obesity and Metabolic Disorders.
=776  1\$tObesity surgery$x0960-8923
=859  \\$aELD$bejournal
=856  \\$31850-9999$uhttp://www.springer.com/gb/$xBLDSS
=856  4\$uhttp://firstsearch.oclc.org$zAddress for accessing the journal using authorization number and password through OCLC FirstSearch Electronic Collections Online
=856  40$uhttp://www.springerlink.com/content/0960-8923
=859  \\$aXLD$bejournal
=852  41$aBritish Library$bDSC$j6196.953000$3Volume 1:Issue 1(1991)-Volume 28:Issue 3(2018)***See ESTAR for full holdings.
=852  41$aBritish Library$bHMNTS$jELD Digital store$3Volume 28:Issue 2(2018)-
=945  \\$aObesity surgery
=959  \\$fHeld but not currently received
=979  \\$aBritish Library$bDSC$j6196.953000
=985  \\$aAC - new 710
=CAT  \\$a7174$b40$c20070404$lBLL01$h1602
=CAT  \\$aIPL-CLA$c20150930$lBLL01$h1817
=CAT  \\$aBATCH-UPD$b00$c20160217$lBLL01$h1737
=CAT  \\$aIPL-CLA$c20160331$lBLL01$h1739
=CAT  \\$aBATCH-UPD$b00$c20160524$lBLL01$h2211
=CAT  \\$aBATCH-UPD$b00$c20160525$lBLL01$h0026
=CAT  \\$aBATCH-UPD$b00$c20160824$lBLL01$h1804
=CAT  \\$aIPL-CLA$c20160930$lBLL01$h1612
=CAT  \\$aBATCH-UPD$b00$c20170216$lBLL01$h1852
=CAT  \\$aIPL-CLA$c20170331$lBLL01$h1852
=CAT  \\$aBATCH-UPD$b00$c20170904$lBLL01$h1902
=CAT  \\$aIPL-CLA$c20170929$lBLL01$h1737
=CAT  \\$aBATCH-UPD$b00$c20180223$lBLL01$h1735
=CAT  \\$aIPL-CLA$c20180331$lBLL01$h1628
=CAT  \\$aW1805-0475$c20180520$lBLL01$h1632
=CAT  \\$aBATCH-UPD$b00$c20180524$lBLL01$h1722
=CAT  \\$aIPL-CLA$c20180630$lBLL01$h1921
=CAT  \\$aW1908-0780$b00$c20200730$lBLL01$h1330
=CAT  \\$a5552$b40$c20200818$lBLL01$h1408
=CAT  \\$a15190$b40$c20210323$lBLL01$h1520
=CAT  \\$a5552$b40$c20210824$lBLL01$h1037
=CAT  \\$aIPL-CLA$c20210930$lBLL01$h1528
=CAT  \\$aCDS21$c20220118$lBLL01$h1105
=CAT  \\$aBATCH-UPD$b00$c20221121$lBLL01$h1411
=CAT  \\$aIPL-CLA$c20221231$lBLL01$h1448
=CAT  \\$a5410$b40$c20230422$lBLL01$h1146
=CFI  0\$aCurrent copyright fee: GBP34.95$c22\1$e01-jan-2023$fGBP34.95$g0$hP$5Uk
=CFI  2\$aPrevious copyright fee: GBP43.00$c22\1$e01-oct-2021$fGBP43.00$g0$hP$5Uk
=EST  \\$a1
=FFP  \\$aY$bBLDSS-3PM
=FIN  \\$aY$d20110601
=LKR  \\$aPAR$b008414677$lBLL01$r776$mObesity surgery [electronic resource].$nObesity surgery (Print)
=MNI  \\$a0960-8923
=SID  \\$aZ39$bOCLC
=TCO  \\$aTRS$bCCC$c008
=TCO  \\$aCLA$bCLA$c008
=TOC  \\$aETOC
=UNO  \\$aY
=ACF  \\$aPrevious copyright fee: GBP21.25$c22\8$e01-jan-2009$fGBP21.25$g0$hP$5Uk
=ACF  \\$aPrevious Copyright Fee: GBP16.75$c22\8$e04-apr-2007$fGBP16.75$g0$hP$5Uk
=ACF  \\$aPrevious copyright fee: GBP22.00$c22\8$e01-apr-2009$fGBP22.00$g0$hP$5Uk
=ACF  \\$aPrevious copyright fee: GBP22.00$c22\8$e12-aug-2012$fGBP22.00$g0$hP$5Uk
=ACF  \\$aPrevious copyright fee: GBP25.00$c22\8$e01-jan-2013$fGBP25.00$g0$hP$5Uk
=ACF  \\$aPrevious copyright fee: GBP25.77$c22\8$e01-jul-2013$fGBP25.77$g0$hP$5Uk
=ACF  \\$aPrevious copyright fee: GBP24.97$c22\8$e01-jan-2014$fGBP24.97$g0$hP$5Uk
=ACF  \\$aPrevious copyright fee: GBP24.21$c22\8$e01-jul-2014$fGBP24.21$g0$hP$5Uk
=ACF  \\$aPrevious copyright fee: GBP25.77$c22\8$e01-apr-2015$fGBP25.77$g0$hP$5Uk
=ACF  \\$aPrevious copyright fee: GBP26.63$c22\8$e01-jul-2015$fGBP26.63$g0$hP$5Uk
=ACF  \\$aPrevious copyright fee: GBP25.77$c22\8$e01-oct-2015$fGBP25.77$g0$hP$5Uk
=ACF  \\$aPrevious copyright fee: GBP27.55$c22\8$e01-apr-2016$fGBP27.55$g0$hP$5Uk
=ACF  \\$aPrevious copyright fee: GBP29.59$c22\8$e01-oct-2016$fGBP29.59$g0$hP$5Uk
=ACF  \\$aPrevious copyright fee: GBP31.96$c22\8$e01-apr-2017$fGBP31.96$g0$hP$5Uk
=ACF  \\$aPrevious copyright fee: GBP30.73$c22\8$e01-oct-2017$fGBP30.73$g0$hP$5Uk
=ACF  \\$aPrevious copyright fee: GBP28.54$c22\8$e01-apr-2018$fGBP28.54$g0$hP$5Uk
=ACF  \\$aPrevious copyright fee: GBP34.00$c22\1$e01-jul-2018$fGBP34.00$g0$hP$5Uk
=LAS  \\$a5410$b40$c20230422$lBLL01$h1146

