=LDR  05792cas a2201189 a 4500
=001  013712872
=003  Uk
=005  20230311105048.0
=006  m\\\\\o\\d\\\\\\\\
=007  cr\cn|||||||||
=008  070517c20079999gw\uu\pso\\\\\0\\\a0eng\d
=FMT  \\$a  SE
=016  7\$a2389109-9$2DE-600
=022  \\$a1862-9660$l1862-9679
=035  \\$a(OCoLC)129091902$z(OCoLC)229993830$z(OCoLC)502362310
=037  \\$a???$bSpringer
=040  \\$aHNK$cHNK$dHNK$dMUQ$dCIT$dHEBIS$dAUD$dSNU$dCUS$dOCLCQ$dOCLCO$dOCLCQ$dUk
=042  \\$aukblsr
=050  \4$aHF5691
=082  04$a332.015118$223
=130  0\$aMathematics and financial economics (Online)
=210  1\$aMath. financ. econ.$b(Internet)
=222  \0$aMathematics and financial economics$b(Internet)
=245  10$aMathematics and financial economics$h[electronic resource].
=246  13$aMath finan econ
=260  \\$aBerlin :$bSpringer,$c2007-
=336  \\$atext$2rdacontent
=337  \\$acomputer$2rdamedia
=338  \\$aonline resource$2rdacarrier
=362  1\$aBegan with: v. 1, no. 1 (Apr., 2007).
=500  \\$aTitle from journal information screen (SpringerLink, viewed May 17, 2007).
=588  \\$aLatest issue consulted: volume 7, issue 4 (September 2013) (SpringerLink, viewed October 24, 2013).
=540  \\$aCurrent copyright fee: GBP29.95$c22\1$5Uk
=650  \0$aBusiness mathematics$vPeriodicals.
=650  \0$aEconomics, Mathematical$vPeriodicals.
=690  7\$aManagement and Business Studies$2blcoll
=776  08$iPrint version$tMathematics and financial economics$x1862-9679
=859  \\$aELD$bejournal
=856  \\$uhttp://igetit.swan.ac.uk/swansea?url%5Fver=Z39.88-2004&ctx%5Fver=Z39.88-2004&ctx%5Fenc=info:ofi/enc:UTF-8&rfr%5Fid=info:sid/sfxit.com:opac%5F856&url%5Fctx%5Ffmt=info:ofi/fmt:kev:mtx:ctx&sfx.ignore%5Fdate%5Fthreshold=1&rft.object%5Fid=1000000000278723&svc%5Fval%5Ffmt=info:ofi/fmt:kev:mtx:sch%5Fsvc&svc.fulltext=yes&
=856  \\$31850-9999$uhttp://www.springer.com/gb/$xBLDSS
=856  40$uhttp://www.springerlink.com/content/120606/
=856  40$uhttp://www.springerlink.com/openurl.asp?genre=journal&issn=1862-9679$zFull text available from SpringerLink Contemporary - NESLi2: to (May require Athens or EZproxy login off campus)
=859  \\$aXLD$bejournal
=852  41$aBritish Library$bDSC$j5405.190000$3Volume 1:Issue 1(2007)-Volume 12:Issue 2(2018)***See ESTAR for full holdings.
=852  41$aBritish Library$bHMNTS$jELD Digital store$3Volume 12:Issue 2(2018)-
=945  \\$aMathematics and financial economics
=959  \\$fHeld but not currently received
=979  \\$aBritish Library$bDSC
=979  \\$aBritish Library$bDSC$j5405.190000
=CAT  \\$a7174$b40$c20070413$lBLL01$h1020
=CAT  \\$aBATCH-UPD$b00$c20150820$lBLL01$h1838
=CAT  \\$aWR15_124$c20150910$lBLL01$h1606
=CAT  \\$aIPL-CLA$c20150930$lBLL01$h1817
=CAT  \\$aBATCH-UPD$b00$c20160217$lBLL01$h1728
=CAT  \\$aIPL-CLA$c20160331$lBLL01$h1739
=CAT  \\$aBATCH-UPD$b00$c20160518$lBLL01$h1406
=CAT  \\$aBATCH-UPD$b00$c20160524$lBLL01$h2211
=CAT  \\$aBATCH-UPD$b00$c20160824$lBLL01$h1755
=CAT  \\$aIPL-CLA$c20160930$lBLL01$h1612
=CAT  \\$aBATCH-UPD$b00$c20170216$lBLL01$h1843
=CAT  \\$aIPL-CLA$c20170331$lBLL01$h1852
=CAT  \\$aBATCH-UPD$b00$c20170904$lBLL01$h1852
=CAT  \\$aIPL-CLA$c20170929$lBLL01$h1737
=CAT  \\$aBATCH-UPD$b00$c20180223$lBLL01$h1722
=CAT  \\$aIPL-CLA$c20180331$lBLL01$h1628
=CAT  \\$aW1805-0475$c20180520$lBLL01$h1632
=CAT  \\$aBATCH-UPD$b00$c20180524$lBLL01$h1714
=CAT  \\$aIPL-CLA$c20180630$lBLL01$h1921
=CAT  \\$aW1908-0780$b00$c20200730$lBLL01$h1330
=CAT  \\$a15190$b40$c20210310$lBLL01$h1143
=CAT  \\$aCDS21$c20220118$lBLL01$h1105
=CAT  \\$aBATCH-UPD$b00$c20221121$lBLL01$h1401
=CAT  \\$aIPL-CLA$c20221231$lBLL01$h1448
=CAT  \\$a5410$b40$c20230311$lBLL01$h1049
=CAT  \\$a5410$b40$c20230311$lBLL01$h1050
=CFI  0\$aCurrent copyright fee: GBP29.95$c22\1$e01-jan-2023$fGBP29.95$g0$hP$5Uk
=CFI  2\$aPrevious copyright fee: GBP34.00$c22\1$e01-jul-2018$fGBP34.00$g0$hP$5Uk
=EST  \\$a1
=FFP  \\$aY$bBLDSS-3PM
=FIN  \\$aY$d20131024
=MNI  \\$a1862-9679
=SID  \\$aZ39$bOCLC
=TCO  \\$aDEU$bVG WORT$c008
=TOC  \\$aETOC
=UNO  \\$aY
=ACF  \\$aPrevious copyright fee: GBP21.25$c22\3$e01-jan-2009$fGBP21.25$g0$hP$5Uk
=ACF  \\$aPrevious Copyright Fee: GBP16.75$c22\3$e13-apr-2007$fGBP16.75$g0$hP$5Uk
=ACF  \\$aPrevious copyright fee: GBP22.00$c22\3$e01-apr-2009$fGBP22.00$g0$hP$5Uk
=ACF  \\$aPrevious copyright fee: GBP22.00$c22\3$e12-aug-2012$fGBP22.00$g0$hP$5Uk
=ACF  \\$aPrevious copyright fee: GBP25.00$c22\3$e01-jan-2013$fGBP25.00$g0$hP$5Uk
=ACF  \\$aPrevious copyright fee: GBP25.77$c22\3$e01-jul-2013$fGBP25.77$g0$hP$5Uk
=ACF  \\$aPrevious copyright fee: GBP24.97$c22\3$e01-jan-2014$fGBP24.97$g0$hP$5Uk
=ACF  \\$aPrevious copyright fee: GBP24.21$c22\3$e01-jul-2014$fGBP24.21$g0$hP$5Uk
=ACF  \\$aPrevious copyright fee: GBP25.77$c22\3$e01-apr-2015$fGBP25.77$g0$hP$5Uk
=ACF  \\$aPrevious copyright fee: GBP26.63$c22\3$e01-jul-2015$fGBP26.63$g0$hP$5Uk
=ACF  \\$aPrevious copyright fee: GBP25.77$c22\3$e01-oct-2015$fGBP25.77$g0$hP$5Uk
=ACF  \\$aPrevious copyright fee: GBP27.55$c22\3$e01-apr-2016$fGBP27.55$g0$hP$5Uk
=ACF  \\$aPrevious copyright fee: GBP29.59$c22\3$e01-oct-2016$fGBP29.59$g0$hP$5Uk
=ACF  \\$aPrevious copyright fee: GBP31.96$c22\3$e01-apr-2017$fGBP31.96$g0$hP$5Uk
=ACF  \\$aPrevious copyright fee: GBP30.73$c22\3$e01-oct-2017$fGBP30.73$g0$hP$5Uk
=ACF  \\$aPrevious copyright fee: GBP28.54$c22\3$e01-apr-2018$fGBP28.54$g0$hP$5Uk
=LAS  \\$a5410$b40$c20230311$lBLL01$h1050

