=LDR  06552cas a2201369 a 4500
=001  013731489
=003  Uk
=005  20230311105246.0
=006  m\\\\\o\\d\\\\\\\\
=007  cr\cnu||||||||
=008  010713c19959999njubx\pso\\\\\0\\\a0eng\c
=FMT  \\$a  SE
=010  \\$a2005215867
=016  7\$a2091859-8$2DE-600
=022  0\$a1559-0267$l1080-0549$y1080-0549$21
=035  \\$a(OCoLC)47294975$z(OCoLC)49996461
=037  \\$a???$bSpringer
=040  \\$aF#A$beng$cF#A$dOCLCQ$dOCLCS$dNSD$dDNB$dAGL$dKSU$dOCLCQ$dHEBIS$dSERSO$dMYG$dOCLCQ$dUk
=042  \\$aukblsr
=050  14$aRC583$b.C57
=070  0\$aQR188$b.C55
=072  \0$aX380
=082  04$a616.97$223
=130  0\$aClinical reviews in allergy & immunology (Online)
=210  0\$aClin. rev. allergy immunol.$b(Online)
=222  \0$aClinical reviews in allergy & immunology$b(Online)
=245  10$aClinical reviews in allergy & immunology$h[electronic resource].
=246  3\$aClinical reviews in allergy and immunology
=260  \\$a[Totowa, N.J.] :$bHumana Press
=264  31$a[New York] :$bSpringer US
=310  \\$aSix issues a year
=336  \\$atext$2rdacontent
=337  \\$acomputer$2rdamedia
=338  \\$aonline resource$2rdacarrier
=362  1\$aPrint began with vol. 13, no. 1 (spring 1995).
=530  \\$aAlso issued in print.
=538  \\$aMode of access: World Wide Web.
=588  \\$aDescription based on: Vol. 20 (spring 2001); title from journal information screen (viewed July 9, 2001).
=588  \\$aLatest issue consulted: volume 45, issue 1 (August 2013) ; (SpringerLink, viewed July 25, 2013).
=540  \\$aCurrent copyright fee: GBP34.95$c22\1$5Uk
=650  \0$aAllergy$vPeriodicals.
=650  \0$aClinical immunology$vPeriodicals.
=650  \2$aHypersensitivity.
=650  \2$aImmune System Diseases.
=710  2\$aHumana Press.
=776  1\$tClinical reviews in allergy & immunology$x1080-0549
=780  00$tClinical reviews in allergy$x2168-8168
=859  \\$aELD$bejournal
=856  \\$31850-9999$uhttp://www.springer.com/gb/$xBLDSS
=856  4\$uhttp://firstsearch.oclc.org$zAddress for accessing the journal using authorization number and password through OCLC FirstSearch Electronic Collections Online
=856  4\$uhttp://firstsearch.oclc.org/journal=1080-0549;screen=info;ECOIP$zAddress for accessing the journal from an authorized IP address through OCLC FirstSearch Electronic Collections Online
=856  40$uhttp://journals.humanapress.com/JournalTOC.pasp?issn=1080-0549
=856  40$uhttp://link.springer.com/journal/12016
=856  40$uhttp://www.ingenta.com/journals/browse/hum/criai
=856  40$uhttp://www.springerlink.com/content/120554/
=856  40$uhttp://journals.humanapress.com/JournalTOC.pasp?issn=1080-0549$zTo subscribe
=859  \\$aXLD$bejournal
=852  41$aBritish Library$bDSC$j3286.374520$3Volume 18:Issue 1(2000)-Volume 54:Issue 1(2018)***See ESTAR for full holdings.
=852  41$aBritish Library$bHMNTS$jELD Digital store$3Volume 54:Issue 1(2018)-
=945  \\$aClinical reviews in allergy and immunology
=959  \\$fHeld but not currently received
=979  \\$aBritish Library$bDSC$j3286.374520
=CAT  \\$a7174$b40$c20070425$lBLL01$h0929
=CAT  \\$aBATCH-UPD$b00$c20150820$lBLL01$h1758
=CAT  \\$aIPL-CLA$c20150930$lBLL01$h1817
=CAT  \\$aBATCH-UPD$b00$c20160217$lBLL01$h1646
=CAT  \\$aIPL-CLA$c20160331$lBLL01$h1739
=CAT  \\$aBATCH-UPD$b00$c20160524$lBLL01$h2157
=CAT  \\$aBATCH-UPD$b00$c20160524$lBLL01$h2252
=CAT  \\$aBATCH-UPD$b00$c20160824$lBLL01$h1723
=CAT  \\$aIPL-CLA$c20160930$lBLL01$h1612
=CAT  \\$aBATCH-UPD$b00$c20170216$lBLL01$h1810
=CAT  \\$aIPL-CLA$c20170331$lBLL01$h1852
=CAT  \\$aBATCH-UPD$b00$c20170904$lBLL01$h1812
=CAT  \\$aIPL-CLA$c20170929$lBLL01$h1737
=CAT  \\$aBATCH-UPD$b00$c20180223$lBLL01$h1629
=CAT  \\$aIPL-CLA$c20180331$lBLL01$h1628
=CAT  \\$aW1805-0475$c20180520$lBLL01$h1632
=CAT  \\$aBATCH-UPD$b00$c20180524$lBLL01$h1700
=CAT  \\$aIPL-CLA$c20180630$lBLL01$h1921
=CAT  \\$aW1908-0780$b00$c20200730$lBLL01$h1330
=CAT  \\$a15190$b40$c20201015$lBLL01$h1019
=CAT  \\$a5552$b40$c20210811$lBLL01$h0657
=CAT  \\$aIPL-CLA$c20210930$lBLL01$h1528
=CAT  \\$aCDS21$c20220118$lBLL01$h1105
=CAT  \\$aBATCH-UPD$b00$c20221121$lBLL01$h1411
=CAT  \\$aIPL-CLA$c20221231$lBLL01$h1448
=CAT  \\$a5410$b40$c20230311$lBLL01$h1052
=CFI  0\$aCurrent copyright fee: GBP34.95$c22\1$e01-jan-2023$fGBP34.95$g0$hP$5Uk
=CFI  2\$aPrevious copyright fee: GBP43.00$c22\1$e01-oct-2021$fGBP43.00$g0$hP$5Uk
=EST  \\$a1
=FFP  \\$aY$bBLDSS-3PM
=FIN  \\$aY$d20130725
=LKR  \\$aPAR$b012771124$lBLL01$r776$mClinical reviews in allergy & immunology [electronic resource].$nClinical reviews in allergy and immunology (Print).
=MNI  \\$a1080-0549
=SID  \\$aZ39$bOCLC
=TCO  \\$aTRS$bCCC$c008
=TOC  \\$aETOC
=UNO  \\$aY
=ACF  \\$aPrevious copyright fee: GBP21.25$c13\6$e01-jan-2009$fGBP21.25$g0$hP$5Uk
=ACF  \\$aPrevious Copyright Fee: GBP16.75$c13\6$e25-apr-2007$fGBP16.75$g0$hP$5Uk
=ACF  \\$aPrevious copyright fee: GBP22.00$c13\6$e01-apr-2009$fGBP22.00$g0$hP$5Uk
=ACF  \\$aPrevious copyright fee: GBP22.00$c13\6$e12-aug-2012$fGBP22.00$g0$hP$5Uk
=ACF  \\$aPrevious copyright fee: GBP25.00$c13\6$e01-jan-2013$fGBP25.00$g0$hP$5Uk
=ACF  \\$aPrevious copyright fee: GBP25.77$c13\6$e01-jul-2013$fGBP25.77$g0$hP$5Uk
=ACF  \\$aPrevious copyright fee: GBP24.97$c13\6$e01-jan-2014$fGBP24.97$g0$hP$5Uk
=ACF  \\$aPrevious copyright fee: GBP24.21$c13\6$e01-jul-2014$fGBP24.21$g0$hP$5Uk
=ACF  \\$aPrevious copyright fee: GBP25.77$c13\6$e01-apr-2015$fGBP25.77$g0$hP$5Uk
=ACF  \\$aPrevious copyright fee: GBP26.63$c13\6$e01-jul-2015$fGBP26.63$g0$hP$5Uk
=ACF  \\$aPrevious copyright fee: GBP25.77$c13\6$e01-oct-2015$fGBP25.77$g0$hP$5Uk
=ACF  \\$aPrevious copyright fee: GBP27.55$c13\6$e01-apr-2016$fGBP27.55$g0$hP$5Uk
=ACF  \\$aPrevious copyright fee: GBP29.59$c13\6$e01-oct-2016$fGBP29.59$g0$hP$5Uk
=ACF  \\$aPrevious copyright fee: GBP31.96$c13\6$e01-apr-2017$fGBP31.96$g0$hP$5Uk
=ACF  \\$aPrevious copyright fee: GBP30.73$c13\6$e01-oct-2017$fGBP30.73$g0$hP$5Uk
=ACF  \\$aPrevious copyright fee: GBP28.54$c13\6$e01-apr-2018$fGBP28.54$g0$hP$5Uk
=ACF  \\$aPrevious copyright fee: GBP34.00$c22\1$e01-jul-2018$fGBP34.00$g0$hP$5Uk
=LAS  \\$a5410$b40$c20230311$lBLL01$h1052

