=LDR  06070cas a2201321 a 4500
=001  013737385
=003  Uk
=005  20230313132811.0
=006  m\\\\\o\\d\\\\\\\\
=007  cr\|||||||||||
=008  971015c19949999njuqr\pso\\\\\0\\\a0eng\c
=FMT  \\$a  SE
=010  \\$a  2005215880
=022  \\$a1559-131X
=035  \\$a(OCoLC)37788439
=037  \\$a???$bSpringer
=040  \\$aOCoLC$beng$cOCoLC$dOCoLC$dNSDP$dOKentU$dOCoLC$dMCM$dOCoLC$dOCLCF$dDLC$dUk
=042  \\$aukblsr
=050  14$aRD651$b.M43
=082  04$a616.994$223
=130  0\$aMedical oncology (Northwood, London, England : Online)
=210  0\$aMed. oncol.$b(Northwood. Online)
=222  \0$aMedical oncology$b(Northwood. Online)
=245  10$aMedical oncology$h[electronic resource].
=246  13$aMO
=260  \\$a[Andover, Hants, United Kingdom] :$bChapman & Hall
=260  2\$3<2003->$aTotowa, NJ :$bHumana Press
=264  31$a[New York] :$bSpringer US
=310  \\$aQuarterly
=336  \\$atext$2rdacontent
=337  \\$acomputer$2rdamedia
=338  \\$aonline resource$2rdacarrier
=362  1\$aPrint began with vol. 11, no. 1 (1994).
=530  \\$aAlso issued in print.
=538  \\$aMode of access: World Wide Web.
=588  \\$aDescription based on: Vol. 14, no. 1 (1997); title from journal information screen.
=588  \\$aLatest issue consulted: volume 32, issue 10 (2015) (SpringerLink, viewed September 3, 2015).
=540  \\$aCurrent copyright fee: GBP34.95$c22\1$5Uk
=650  \0$aCancer$vPeriodicals.
=650  \0$aOncology$vPeriodicals.
=650  \7$aCancer.$2fast$0(OCoLC)fst00845317
=650  \7$aOncology.$2fast$0(OCoLC)fst01045739
=655  \7$aPeriodicals.$2fast$0(OCoLC)fst01411641
=776  1\$tMedical oncology (Northwood, London, England)$x1357-0560
=780  00$tMedical oncology and tumor pharmacotherapy
=859  \\$aELD$bejournal
=856  \\$31850-9999$uhttp://www.springer.com/gb/$xBLDSS
=856  40$uhttp://firstsearch.oclc.org$zAddress for accessing the journal using authorization number and password through OCLC FirstSearch Electronic Collections Online
=856  40$uhttp://journals.humanapress.com/JournalTOC.pasp?issn=1357-0560
=856  40$uhttp://www.springerlink.com/content/1357-0560
=856  40$uhttp://link.springer.com/journal/volumesAndIssues/12032
=859  \\$aXLD$bejournal
=852  41$aBritish Library$bDSC$j5531.040500$3Volume18 :Issue 1 (2001)-Volume 35:Issue 4(2018)***See ESTAR for full holdings.
=852  41$aBritish Library$bHMNTS$jELD Digital store$3Volume 35:Issue 1(2018)-
=945  \\$aMedical oncology -Northwood then Basingstoke then Totowa-
=959  \\$fHeld but not currently received
=979  \\$aBritish Library$bDSC$j5531.040500
=CAT  \\$a7174$b40$c20070502$lBLL01$h1446
=CAT  \\$a11316$b40$c20150903$lBLL01$h1151
=CAT  \\$aIPL-CLA$c20150930$lBLL01$h1817
=CAT  \\$aBATCH-UPD$b00$c20160217$lBLL01$h1646
=CAT  \\$aIPL-CLA$c20160331$lBLL01$h1739
=CAT  \\$aBATCH-UPD$b00$c20160524$lBLL01$h2157
=CAT  \\$aBATCH-UPD$b00$c20160524$lBLL01$h2252
=CAT  \\$aBATCH-UPD$b00$c20160824$lBLL01$h1723
=CAT  \\$aIPL-CLA$c20160930$lBLL01$h1612
=CAT  \\$aBATCH-UPD$b00$c20170216$lBLL01$h1810
=CAT  \\$aIPL-CLA$c20170331$lBLL01$h1852
=CAT  \\$aBATCH-UPD$b00$c20170904$lBLL01$h1812
=CAT  \\$aIPL-CLA$c20170929$lBLL01$h1737
=CAT  \\$aBATCH-UPD$b00$c20180223$lBLL01$h1629
=CAT  \\$aIPL-CLA$c20180331$lBLL01$h1628
=CAT  \\$aW1805-0475$c20180520$lBLL01$h1632
=CAT  \\$aBATCH-UPD$b00$c20180524$lBLL01$h1700
=CAT  \\$aIPL-CLA$c20180630$lBLL01$h1921
=CAT  \\$aW1908-0780$b00$c20200730$lBLL01$h1330
=CAT  \\$a15190$b40$c20210310$lBLL01$h1628
=CAT  \\$a5552$b40$c20210823$lBLL01$h1121
=CAT  \\$aIPL-CLA$c20210930$lBLL01$h1528
=CAT  \\$aCDS21$c20220118$lBLL01$h1105
=CAT  \\$aBATCH-UPD$b00$c20221121$lBLL01$h1411
=CAT  \\$aIPL-CLA$c20221231$lBLL01$h1448
=CAT  \\$a5410$b40$c20230313$lBLL01$h1328
=CFI  0\$aCurrent copyright fee: GBP34.95$c22\1$e01-jan-2023$fGBP34.95$g0$hP$5Uk
=CFI  2\$aPrevious copyright fee: GBP43.00$c22\1$e01-oct-2021$fGBP43.00$g0$hP$5Uk
=EST  \\$a1
=FFP  \\$aY$bBLDSS-3PM
=FIN  \\$aY$d20150903
=LKR  \\$aPAR$b011755900$lBLL01$r776$mMedical oncology (Online)$nMedical oncology (Northwood) (Print).
=MNI  \\$a1357-0560
=SRC  \\$aBLL02
=TCO  \\$aTRS$bCCC$c008
=TCO  \\$aCLA$bCLA$c008
=TOC  \\$aETOC
=UNO  \\$aY
=ACF  \\$aPrevious copyright fee: GBP21.25$c13\6$e01-jan-2009$fGBP21.25$g0$hP$5Uk
=ACF  \\$aPrevious Copyright Fee: GBP16.75$c13\6$e02-may-2007$fGBP16.75$g0$hP$5Uk
=ACF  \\$aPrevious copyright fee: GBP22.00$c13\6$e01-apr-2009$fGBP22.00$g0$hP$5Uk
=ACF  \\$aPrevious copyright fee: GBP22.00$c13\6$e12-aug-2012$fGBP22.00$g0$hP$5Uk
=ACF  \\$aPrevious copyright fee: GBP25.00$c13\6$e01-jan-2013$fGBP25.00$g0$hP$5Uk
=ACF  \\$aPrevious copyright fee: GBP25.77$c13\6$e01-jul-2013$fGBP25.77$g0$hP$5Uk
=ACF  \\$aPrevious copyright fee: GBP24.97$c13\6$e01-jan-2014$fGBP24.97$g0$hP$5Uk
=ACF  \\$aPrevious copyright fee: GBP24.21$c13\6$e01-jul-2014$fGBP24.21$g0$hP$5Uk
=ACF  \\$aPrevious copyright fee: GBP25.77$c13\6$e01-apr-2015$fGBP25.77$g0$hP$5Uk
=ACF  \\$aPrevious copyright fee: GBP26.63$c13\6$e01-jul-2015$fGBP26.63$g0$hP$5Uk
=ACF  \\$aPrevious copyright fee: GBP25.77$c13\6$e01-oct-2015$fGBP25.77$g0$hP$5Uk
=ACF  \\$aPrevious copyright fee: GBP27.55$c13\6$e01-apr-2016$fGBP27.55$g0$hP$5Uk
=ACF  \\$aPrevious copyright fee: GBP29.59$c13\6$e01-oct-2016$fGBP29.59$g0$hP$5Uk
=ACF  \\$aPrevious copyright fee: GBP31.96$c13\6$e01-apr-2017$fGBP31.96$g0$hP$5Uk
=ACF  \\$aPrevious copyright fee: GBP30.73$c13\6$e01-oct-2017$fGBP30.73$g0$hP$5Uk
=ACF  \\$aPrevious copyright fee: GBP28.54$c13\6$e01-apr-2018$fGBP28.54$g0$hP$5Uk
=ACF  \\$aPrevious copyright fee: GBP34.00$c22\1$e01-jul-2018$fGBP34.00$g0$hP$5Uk
=LAS  \\$a5410$b40$c20230313$lBLL01$h1328

