=LDR  05614cas a2201165 a 4500
=001  015561302
=003  Uk
=005  20230406151808.0
=006  m\\\\\\\\d\\\\\\\\
=007  cr||||||||||||
=008  100421c20109999gw\mr\p\s\\\\\0\\\\0eng\d
=FMT  \\$a  SE
=016  7\$a2546740-2$2DE-600
=022  \\$a1869-1900
=035  \\$a(OCoLC)608376572
=037  \\$a???$bSpringer
=040  \\$aCIT$beng$cCIT$dOCLCQ$dHEBIS$dOCLCQ$dDLC$dUk
=042  \\$aukblsr
=050  \4$aT1$b.S454
=082  04$a605$222
=130  0\$aScience China.$pTechnological sciences (Online)
=222  \0$aScience China. Technological sciences$b(Internet)
=245  10$aScience China.$pTechnological sciences$h[electronic resource].
=246  13$aTechnological sciences
=260  \\$aHeidelberg :$bSP Science in China Press
=260  3\$a[Heidelberg] :$bScience China Press, co-published with Springer
=310  \\$aMonthly
=336  \\$atext$2rdacontent
=337  \\$acomputer$2rdamedia
=338  \\$aonline resource$2rdacarrier
=362  1\$aBegan with: Vol. 53, no. 1 (Jan. 2010).
=500  \\$aDescription based on: Vol. 53, no. 1 (Jan. 2010); title from journal information screen (SpringerLink, viewed Apr. 21, 2010).
=500  \\$aLatest issue consulted: Vol. 53, no. 11 (Apr. 2010) (viewed Oct. 29, 2010).
=540  \\$aCurrent copyright fee: GBP29.95$c22\1$5Uk
=650  \0$aTechnology$vPeriodicals.
=776  08$iAlso in print:$tScience China. Technological sciences$x1674-7321
=780  00$tScience in China (Beijing, China : 2006 : Online). Series E, Technological sciences$x1862-281X
=859  \\$aELD$bejournal
=856  \\$31850-9999$uhttp://www.springer.com/gb/$xBLDSS
=856  4\$uhttp://sfx.caltech.edu:8088/caltech?sid=III:innopac&svc.fulltext=yes&sfx.ignore_date_threshold=1&pid=id=1869-1900$z<a href="http://sfx.caltech.edu:8088/caltech?sid=III:innopac&svc.fulltext=yes&sfx.ignore_date_threshold=1&pid=id=1869-1900" TARGET="_blank"><img src="http://sfx.caltech.edu:8088/images/sfx.gif" alt="Caltech Connect"></a>
=856  40$uhttp://www.springerlink.com/content/121604
=859  \\$aXLD$bejournal
=852  41$aBritish Library$bDSC$j8141.785000$3Volume 53:Issue 1(2010)-Volume 61:Issue 3(2018)***See ESTAR for full holdings.
=852  41$aBritish Library$bHMNTS$jELD Digital store$3Volume 60:Issue 12(2017)-
=945  \\$aScience China technological sciences
=959  \\$fHeld but not currently received
=979  \\$aBritish Library$bDSC$j8141.785000
=CAT  \\$a8464$b40$c20100525$lBLL01$h1208
=CAT  \\$aIPL-CLA$c20150630$lBLL01$h1711
=CAT  \\$aBATCH-UPD$b00$c20150820$lBLL01$h2004
=CAT  \\$aIPL-CLA$c20150930$lBLL01$h1837
=CAT  \\$aBATCH-UPD$b00$c20160217$lBLL01$h1902
=CAT  \\$aIPL-CLA$c20160331$lBLL01$h1759
=CAT  \\$aBATCH-UPD$b00$c20160519$lBLL01$h0956
=CAT  \\$aBATCH-UPD$b00$c20160524$lBLL01$h2159
=CAT  \\$aBATCH-UPD$b00$c20160824$lBLL01$h1923
=CAT  \\$aIPL-CLA$c20160930$lBLL01$h1629
=CAT  \\$aBATCH-UPD$b00$c20170216$lBLL01$h2011
=CAT  \\$aIPL-CLA$c20170331$lBLL01$h1906
=CAT  \\$aBATCH-UPD$b00$c20170904$lBLL01$h2043
=CAT  \\$aIPL-CLA$c20170929$lBLL01$h1752
=CAT  \\$aBATCH-UPD$b00$c20180223$lBLL01$h1941
=CAT  \\$aIPL-CLA$c20180331$lBLL01$h1648
=CAT  \\$aW1805-0475$c20180520$lBLL01$h1632
=CAT  \\$aBATCH-UPD$b00$c20180524$lBLL01$h1814
=CAT  \\$a8874$b40$c20180601$lBLL01$h0903
=CAT  \\$aIPL-CLA$c20180630$lBLL01$h1931
=CAT  \\$aW1908-0780$b00$c20200730$lBLL01$h1332
=CAT  \\$a15190$b40$c20210413$lBLL01$h1106
=CAT  \\$aCDS21$c20220118$lBLL01$h1105
=CAT  \\$aBATCH-UPD$b00$c20221121$lBLL01$h1404
=CAT  \\$aIPL-CLA$c20221231$lBLL01$h1450
=CAT  \\$a5410$b40$c20230406$lBLL01$h1518
=CFI  0\$aCurrent copyright fee: GBP29.95$c22\1$e01-jan-2023$fGBP29.95$g0$hP$5Uk
=CFI  2\$aPrevious copyright fee: GBP34.00$c22\1$e01-jul-2018$fGBP34.00$g0$hP$5Uk
=EST  \\$a1
=FFP  \\$aY$bBLDSS-3PM
=FIN  \\$aY$d20101029
=LKR  \\$aPAR$b013586401$lBLL01$nScience in China (Beijing, China : 2006 : Online). Series E, Technological sciences.$mScience in China. Technological sciences$r78000
=MNI  \\$a1674-7321
=SID  \\$aZ39$bOCLC
=TCO  \\$aDEU$bVG WORT$c008
=TCO  \\$aXXX$c008
=TOC  \\$aETOC
=UNO  \\$aY
=ACF  \\$aPrevious copyright fee: GBP22.00$c4\6$e25-may-2010$fGBP22.00$g0$hP$5Uk
=ACF  \\$aPrevious copyright fee: GBP22.00$c4\6$e12-aug-2012$fGBP22.00$g0$hP$5Uk
=ACF  \\$aPrevious copyright fee: GBP25.00$c4\6$e01-jan-2013$fGBP25.00$g0$hP$5Uk
=ACF  \\$aPrevious copyright fee: GBP25.77$c4\6$e01-jul-2013$fGBP25.77$g0$hP$5Uk
=ACF  \\$aPrevious copyright fee: GBP24.97$c4\6$e01-jan-2014$fGBP24.97$g0$hP$5Uk
=ACF  \\$aPrevious copyright fee: GBP24.21$c4\6$e01-jul-2014$fGBP24.21$g0$hP$5Uk
=ACF  \\$aPrevious copyright fee: GBP25.77$c4\6$e01-apr-2015$fGBP25.77$g0$hP$5Uk
=ACF  \\$aPrevious copyright fee: GBP26.63$c4\6$e01-jul-2015$fGBP26.63$g0$hP$5Uk
=ACF  \\$aPrevious copyright fee: GBP25.77$c4\6$e01-oct-2015$fGBP25.77$g0$hP$5Uk
=ACF  \\$aPrevious copyright fee: GBP27.55$c4\6$e01-apr-2016$fGBP27.55$g0$hP$5Uk
=ACF  \\$aPrevious copyright fee: GBP29.59$c4\6$e01-oct-2016$fGBP29.59$g0$hP$5Uk
=ACF  \\$aPrevious copyright fee: GBP31.96$c4\6$e01-apr-2017$fGBP31.96$g0$hP$5Uk
=ACF  \\$aPrevious copyright fee: GBP30.73$c4\6$e01-oct-2017$fGBP30.73$g0$hP$5Uk
=ACF  \\$aPrevious copyright fee: GBP28.54$c4\6$e01-apr-2018$fGBP28.54$g0$hP$5Uk
=LAS  \\$a5410$b40$c20230406$lBLL01$h1518

