=LDR  05371cas a2201189 a 4500
=001  015642453
=003  Uk
=005  20230430120958.0
=006  m\\\\\\\\d\\\\\\\\
=007  cr\|||||||||||
=008  100325c20109999gw\mr\pss\\\\\0\\\a0eng\d
=FMT  \\$a  SE
=022  \\$a1869-1870
=035  \\$a(OCoLC)570553356
=037  \\$a???$bSpringer
=040  \\$aOH1$beng$cOH1$dOCLCQ$dUk
=042  \\$aukblsr
=050  \4$aQD1$b.C78543
=082  04$a540.5$222
=130  0\$aScience China. Chemistry (Online)
=222  \0$aScience China. Chemistry$b(Internet)
=245  10$aScience China.$pChemistry$h[electronic resource].
=246  13$aChemistry
=260  \\$aHeidelberg :$bSP Science in China Press
=260  3\$aHeidelberg :$bScience China Press, co-published with Springer
=310  \\$aMonthly
=336  \\$atext$2rdacontent
=337  \\$acomputer$2rdamedia
=338  \\$aonline resource$2rdacarrier
=362  1\$aBegan with v. 53, issue 1 (Jan. 2010).
=550  \\$aCo-sponsored by: Chinese Academy of Sciences, and: National Natural Science Foundation of China.
=500  \\$aDescription based on: Vol. 53, issue 1 (Jan. 2010); title from journal information screen (OhioLINK, viewed Mar. 25, 2010).
=500  \\$aLatest issue consulted: Vol. 53, no. 10 (Oct. 2010) (SpringerLink, viewed Nov. 8, 2010).
=540  \\$aCurrent copyright fee: GBP29.95$c22\1$5Uk
=650  \0$aChemistry$vPeriodicals.
=710  2\$aZhongguo ke xue yuan.
=710  2\$aGuo jia zi ran ke xue ji jin wei yuan hui (China)
=776  08$iPrint version:$tScience China. Chemistry$x1674-7291
=780  00$tZhongguo ke xue. B ji, Hua xue. English (Online)$x1862-2771
=859  \\$aELD$bejournal
=856  \\$31850-9999$uhttp://www.springer.com/gb/$xBLDSS
=856  40$uhttp://rave.ohiolink.edu/ejournals/issn/16747291/$zConnect to (Online)
=856  40$uhttp://www.springerlink.com/content/121600
=859  \\$aXLD$bejournal
=852  41$aBritish Library$bHMNTS$jELD Digital store$3Volume 60:Issue 12(2017)-
=852  41$aBritish Library$bDSC$j8141.654100$3Volume 53:Issue 1(2010)-Volume 61:Issue 3(2018)***See ESTAR for full holdings.
=945  \\$aScience China chemistry
=959  \\$fHeld but not currently received
=979  \\$aBritish Library$bDSC$j8141.654100
=CAT  \\$a8464$b40$c20100906$lBLL01$h1125
=CAT  \\$aBATCH-UPD$b00$c20150520$lBLL01$h1935
=CAT  \\$aIPL-CLA$c20150630$lBLL01$h1712
=CAT  \\$aBATCH-UPD$b00$c20150820$lBLL01$h2004
=CAT  \\$aIPL-CLA$c20150930$lBLL01$h1838
=CAT  \\$aBATCH-UPD$b00$c20160217$lBLL01$h1902
=CAT  \\$aIPL-CLA$c20160331$lBLL01$h1801
=CAT  \\$aBATCH-UPD$b00$c20160520$lBLL01$h0902
=CAT  \\$aBATCH-UPD$b00$c20160524$lBLL01$h2159
=CAT  \\$aBATCH-UPD$b00$c20160824$lBLL01$h1923
=CAT  \\$aIPL-CLA$c20160930$lBLL01$h1630
=CAT  \\$aBATCH-UPD$b00$c20170216$lBLL01$h2011
=CAT  \\$aIPL-CLA$c20170331$lBLL01$h1907
=CAT  \\$aBATCH-UPD$b00$c20170904$lBLL01$h2043
=CAT  \\$aIPL-CLA$c20170929$lBLL01$h1753
=CAT  \\$aBATCH-UPD$b00$c20180223$lBLL01$h1941
=CAT  \\$aIPL-CLA$c20180331$lBLL01$h1650
=CAT  \\$aW1805-0475$c20180520$lBLL01$h1632
=CAT  \\$aBATCH-UPD$b00$c20180524$lBLL01$h1814
=CAT  \\$aIPL-CLA$c20180630$lBLL01$h1931
=CAT  \\$aW1908-0780$b00$c20200730$lBLL01$h1332
=CAT  \\$a15190$b40$c20210413$lBLL01$h1017
=CAT  \\$aCDS21$c20220118$lBLL01$h1105
=CAT  \\$aBATCH-UPD$b00$c20221121$lBLL01$h1404
=CAT  \\$aIPL-CLA$c20221231$lBLL01$h1450
=CAT  \\$a5410$b40$c20230430$lBLL01$h1209
=CFI  0\$aCurrent copyright fee: GBP29.95$c22\1$e01-jan-2023$fGBP29.95$g0$hP$5Uk
=CFI  2\$aPrevious copyright fee: GBP34.00$c22\1$e01-jul-2018$fGBP34.00$g0$hP$5Uk
=EST  \\$a1
=FFP  \\$aY$bBLDSS-3PM
=FIN  \\$aY$d20101108
=LKR  \\$aPAR$b013453180$lBLL01$nScience in China. Series B, Chemistry (Online)$mScience China. Chemistry (Online)$r78000
=MNI  \\$a1674-7291
=SID  \\$aZ39$bOCLC
=TCO  \\$aDEU$bVG WORT$c008
=TCO  \\$aXXX$c008
=TOC  \\$aETOC
=UNO  \\$aY
=ACF  \\$aPrevious copyright fee: GBP22.00$c4\6$e06-sep-2010$fGBP22.00$g0$hP$5Uk
=ACF  \\$aPrevious copyright fee: GBP22.00$c4\6$e12-aug-2012$fGBP22.00$g0$hP$5Uk
=ACF  \\$aPrevious copyright fee: GBP25.00$c4\6$e01-jan-2013$fGBP25.00$g0$hP$5Uk
=ACF  \\$aPrevious copyright fee: GBP25.77$c4\6$e01-jul-2013$fGBP25.77$g0$hP$5Uk
=ACF  \\$aPrevious copyright fee: GBP24.97$c4\6$e01-jan-2014$fGBP24.97$g0$hP$5Uk
=ACF  \\$aPrevious copyright fee: GBP24.21$c4\6$e01-jul-2014$fGBP24.21$g0$hP$5Uk
=ACF  \\$aPrevious copyright fee: GBP25.77$c4\6$e01-apr-2015$fGBP25.77$g0$hP$5Uk
=ACF  \\$aPrevious copyright fee: GBP26.63$c4\6$e01-jul-2015$fGBP26.63$g0$hP$5Uk
=ACF  \\$aPrevious copyright fee: GBP25.77$c4\6$e01-oct-2015$fGBP25.77$g0$hP$5Uk
=ACF  \\$aPrevious copyright fee: GBP27.55$c4\6$e01-apr-2016$fGBP27.55$g0$hP$5Uk
=ACF  \\$aPrevious copyright fee: GBP29.59$c4\6$e01-oct-2016$fGBP29.59$g0$hP$5Uk
=ACF  \\$aPrevious copyright fee: GBP31.96$c4\6$e01-apr-2017$fGBP31.96$g0$hP$5Uk
=ACF  \\$aPrevious copyright fee: GBP30.73$c4\6$e01-oct-2017$fGBP30.73$g0$hP$5Uk
=ACF  \\$aPrevious copyright fee: GBP28.54$c4\6$e01-apr-2018$fGBP28.54$g0$hP$5Uk
=LAS  \\$a5410$b40$c20230430$lBLL01$h1209

