=LDR  05436cas a2201225 a 4500
=001  015788960
=003  Uk
=005  20230409122657.0
=006  m\\\\\\\\d\\\\\\\\
=007  cr\cnu||||||||
=008  010306c19729999ne\bx\pss\\\\\0\\\a0eng\d
=FMT  \\$a  SE
=010  \\$a  2005238623
=022  \\$a1654-7209$y0044-7447
=035  \\$a(OCoLC)46381482
=037  \\$a???$bSpringer
=040  \\$aBIK$cBIK$dOCoLC$dMWiW$dOCoLC$dCaQMU$dInU$dOCoLC$dMiU$dMH$dGU$dOCoLC$dUk
=042  \\$aukblsr
=050  14$aQH540$b.A52
=082  04$a333.7$222
=130  0\$aAmbio (Online)
=222  \0$aAmbio$b(Online)
=245  10$aAmbio$h[electronic resource] :$ba journal of the human environment.
=260  \\$aOslo :$bUniversitetsforlaget
=260  2\$aStockholm :$bKungl. Vetenskapsakademien
=260  3\$32010-$a[Dordrecht] :$bSpringer
=310  \\$aEight issues yearly,$b1989-
=321  \\$aBimonthly,$b1972-1988
=336  \\$atext$2rdacontent
=337  \\$acomputer$2rdamedia
=338  \\$aonline resource$2rdacarrier
=362  1\$aPrint began with vol. 1, no. 1 (Feb. 1972).
=588  \\$aTitle from cover (JSTOR, viewed Sept. 15, 2008).
=588  \\$aLatest issue consulted: Vol. 40, no. 3 (May 2011) (SpringerLink, viewed Apr. 13, 2011).
=515  \\$aVol. 29, no. 1 issued out of sequence.
=580  \\$aAbsorbed: Ambio special report, with no. 7 (Sept. 1990).
=540  \\$aCurrent copyright fee: GBP29.95$c22\1$5Uk
=650  \0$aEnvironmental sciences$vPeriodicals.
=650  \0$aHuman ecology$vPeriodicals.
=650  \0$aEcology$vPeriodicals.
=710  2\$aKungl. Svenska vetenskapsakademien.
=776  08$iAlso issued in print:$tAmbio$x0044-7447
=780  15$tAmbio special report
=856  \\$31850-9999$uhttp://www.springer.com/gb/$xBLDSS
=856  4\$uhttp://www.springerlink.com/content/0044-7447$z2010-
=856  40$uhttp://firstsearch.oclc.org$zAddress for accessing the journal using authorization number and password through OCLC FirstSearch Electronic Collections Online
=856  40$uhttp://www.jstor.org/journals/00447447.html
=859  \\$aXLD$bejournal
=859  \\$aELD$bejournal
=852  41$aBritish Library$bDSC$j0808.900000$3Volume 39:Issue 1(2010)-Volume 47:Issue 3(2018)***See ESTAR for full holdings.
=852  41$aBritish Library$bHMNTS$jELD Digital store$3Volume 47:Issue 1(2018)-
=945  \\$aAmbio -Stockholm-
=959  \\$fHeld but not currently received
=979  \\$aBritish Library$bDSC$j0808.900000
=CAT  \\$a6811$b40$c20110412$lBLL01$h0942
=CAT  \\$aBATCH-UPD$b00$c20150520$lBLL01$h1751
=CAT  \\$aIPL-CLA$c20150630$lBLL01$h1714
=CAT  \\$aBATCH-UPD$b00$c20150820$lBLL01$h1839
=CAT  \\$aIPL-CLA$c20150930$lBLL01$h1841
=CAT  \\$aBATCH-UPD$b00$c20160217$lBLL01$h1729
=CAT  \\$aIPL-CLA$c20160331$lBLL01$h1803
=CAT  \\$aBATCH-UPD$b00$c20160524$lBLL01$h2214
=CAT  \\$aBATCH-UPD$b00$c20160525$lBLL01$h0051
=CAT  \\$aBATCH-UPD$b00$c20160824$lBLL01$h1756
=CAT  \\$aIPL-CLA$c20160930$lBLL01$h1632
=CAT  \\$aBATCH-UPD$b00$c20170216$lBLL01$h1845
=CAT  \\$aIPL-CLA$c20170331$lBLL01$h1909
=CAT  \\$aBATCH-UPD$b00$c20170904$lBLL01$h1854
=CAT  \\$aIPL-CLA$c20170929$lBLL01$h1756
=CAT  \\$aBATCH-UPD$b00$c20180223$lBLL01$h1726
=CAT  \\$aIPL-CLA$c20180331$lBLL01$h1654
=CAT  \\$aW1805-0475$c20180520$lBLL01$h1632
=CAT  \\$aBATCH-UPD$b00$c20180524$lBLL01$h1715
=CAT  \\$aIPL-CLA$c20180630$lBLL01$h1933
=CAT  \\$aW1908-0780$b00$c20200730$lBLL01$h1332
=CAT  \\$a15190$b40$c20200928$lBLL01$h1444
=CAT  \\$aCDS21$c20220118$lBLL01$h1105
=CAT  \\$aBATCH-UPD$b00$c20221121$lBLL01$h1405
=CAT  \\$aIPL-CLA$c20221231$lBLL01$h1450
=CAT  \\$a5410$b40$c20230409$lBLL01$h1226
=CFI  0\$aCurrent copyright fee: GBP29.95$c22\1$e01-jan-2023$fGBP29.95$g0$hP$5Uk
=CFI  2\$aPrevious copyright fee: GBP34.00$c22\1$e01-jul-2018$fGBP34.00$g0$hP$5Uk
=EST  \\$a1
=FFP  \\$aY$bBLDSS-3PM
=FIN  \\$aY$d20110413
=MNI  \\$a0044-7447
=SRC  \\$aBLL02
=TCO  \\$aNLD$bSTICHTING REPRORECHT$c008
=TOC  \\$aETOC
=UNO  \\$aY
=ACF  \\$aPrevious copyright fee: GBP22.00$c22\3$e12-apr-2011$fGBP22.00$g0$hP$5Uk
=ACF  \\$aPrevious copyright fee: GBP22.00$c22\3$e12-aug-2012$fGBP22.00$g0$hP$5Uk
=ACF  \\$aPrevious copyright fee: GBP25.00$c22\3$e01-jan-2013$fGBP25.00$g0$hP$5Uk
=ACF  \\$aPrevious copyright fee: GBP25.77$c22\3$e01-jul-2013$fGBP25.77$g0$hP$5Uk
=ACF  \\$aPrevious copyright fee: GBP24.97$c22\3$e01-jan-2014$fGBP24.97$g0$hP$5Uk
=ACF  \\$aPrevious copyright fee: GBP24.21$c22\3$e01-jul-2014$fGBP24.21$g0$hP$5Uk
=ACF  \\$aPrevious copyright fee: GBP25.77$c22\3$e01-apr-2015$fGBP25.77$g0$hP$5Uk
=ACF  \\$aPrevious copyright fee: GBP26.63$c22\3$e01-jul-2015$fGBP26.63$g0$hP$5Uk
=ACF  \\$aPrevious copyright fee: GBP25.77$c22\3$e01-oct-2015$fGBP25.77$g0$hP$5Uk
=ACF  \\$aPrevious copyright fee: GBP27.55$c22\3$e01-apr-2016$fGBP27.55$g0$hP$5Uk
=ACF  \\$aPrevious copyright fee: GBP29.59$c22\3$e01-oct-2016$fGBP29.59$g0$hP$5Uk
=ACF  \\$aPrevious copyright fee: GBP31.96$c22\3$e01-apr-2017$fGBP31.96$g0$hP$5Uk
=ACF  \\$aPrevious copyright fee: GBP30.73$c22\3$e01-oct-2017$fGBP30.73$g0$hP$5Uk
=ACF  \\$aPrevious copyright fee: GBP28.54$c22\3$e01-apr-2018$fGBP28.54$g0$hP$5Uk
=LAS  \\$a5410$b40$c20230409$lBLL01$h1226

