=LDR  05407cas a2201165 a 4500
=001  015789216
=003  Uk
=005  20230410172008.0
=006  m\\\\\\\\d\\\\\\\\
=007  cr||||||||||||
=008  030815c19859999cc\br\pss\\\\\0\\\a0eng\d
=FMT  \\$a  SE
=022  \\$a1793-7043
=035  \\$a(OCoLC)52852211
=037  \\$a???$bSpringer
=040  \\$aHUA$beng$cHUA$dOCLCQ$dOCL$dCIT$dOCLCQ$dUk
=042  \\$aukblsr
=050  14$aQD380
=082  04$a547.7$222
=130  0\$aChinese journal of polymer science (Online)
=245  10$aChinese journal of polymer science$h[electronic resource].
=246  1\$iAlso known as:$aCJPS
=260  \\$aBoston, Mass. :$bEBSCO Pub.
=260  2\$3<2009>-$bChinese Chemical Society and Institute of Chemistry, CAS ;$aHeidelberg :$bSpringer [distributor]
=260  3\$3<2011>-$aBeijing :$bChinese Chemical Society and Institute of Chemistry, CAS, co-published with Springer
=310  \\$aBimonthly
=336  \\$atext$2rdacontent
=337  \\$acomputer$2rdamedia
=338  \\$aonline resource$2rdacarrier
=362  1\$aBegan in 1985.
=588  \\$aDescription based on: Jan. 2000; title from journal information screen (viewed Jan. 30, 2003).
=588  \\$aLatest issue consulted: Vol. 29, no. 3 (May 2011) (SpringerLink, viewed Apr. 14, 2011).
=540  \\$aCurrent copyright fee: GBP29.95$c22\1$5Uk
=650  \0$aPolymers$vPeriodicals.
=650  \0$aPolymerization$vPeriodicals.
=710  2\$aZhongguo hua xue hui (Beijing, China)
=710  2\$aZhongguo ke xue yuan.$bHua xue yan jiu suo.
=776  08$iPrint version$tChinese journal of polymer science$x0256-7679
=859  \\$aELD$bejournal
=856  \\$31850-9999$uhttp://www.springer.com/gb/$xBLDSS
=856  4\$uhttp://firstsearch.oclc.org$zAddress for accessing the journal using authorization number and password through OCLC FirstSearch Electronic Collections Online
=856  4\$uhttp://search.epnet.com/direct.asp?db=aph&jn=8HA&scope=site$zClick to start searching via Academic Search Premier
=856  40$uhttp://www.springerlink.com/content/121552/
=859  \\$aXLD$bejournal
=852  41$aBritish Library$bDSC$j3180.559000$3Volume 28:Issue 1(2010)-Volume 36:Issue 4(2018)***See ESTAR for full holdings.
=852  41$aBritish Library$bHMNTS$jELD Digital store$3Volume 36:Issue 2(2018)-
=945  \\$aChinese journal of polymer science
=959  \\$fHeld but not currently received
=979  \\$aBritish Library$bDSC$j3180.559000
=CAT  \\$a8464$b40$c20110412$lBLL01$h1330
=CAT  \\$aIPL-CLA$c20150630$lBLL01$h1714
=CAT  \\$aBATCH-UPD$b00$c20150820$lBLL01$h1756
=CAT  \\$aIPL-CLA$c20150930$lBLL01$h1841
=CAT  \\$aBATCH-UPD$b00$c20160217$lBLL01$h1644
=CAT  \\$aIPL-CLA$c20160331$lBLL01$h1803
=CAT  \\$aBATCH-UPD$b00$c20160524$lBLL01$h2159
=CAT  \\$aBATCH-UPD$b00$c20160524$lBLL01$h2303
=CAT  \\$aBATCH-UPD$b00$c20160824$lBLL01$h1721
=CAT  \\$aIPL-CLA$c20160930$lBLL01$h1632
=CAT  \\$aBATCH-UPD$b00$c20170216$lBLL01$h1808
=CAT  \\$aIPL-CLA$c20170331$lBLL01$h1910
=CAT  \\$aBATCH-UPD$b00$c20170904$lBLL01$h1810
=CAT  \\$aIPL-CLA$c20170929$lBLL01$h1756
=CAT  \\$aBATCH-UPD$b00$c20180223$lBLL01$h1626
=CAT  \\$aIPL-CLA$c20180331$lBLL01$h1654
=CAT  \\$aW1805-0475$c20180520$lBLL01$h1632
=CAT  \\$aBATCH-UPD$b00$c20180524$lBLL01$h1658
=CAT  \\$aIPL-CLA$c20180630$lBLL01$h1933
=CAT  \\$aW1908-0780$b00$c20200730$lBLL01$h1332
=CAT  \\$a5552$b40$c20200818$lBLL01$h1444
=CAT  \\$a15190$b40$c20210419$lBLL01$h1112
=CAT  \\$aCDS21$c20220118$lBLL01$h1105
=CAT  \\$aBATCH-UPD$b00$c20221121$lBLL01$h1405
=CAT  \\$aIPL-CLA$c20221231$lBLL01$h1450
=CAT  \\$a5410$b40$c20230410$lBLL01$h1720
=CFI  0\$aCurrent copyright fee: GBP29.95$c22\1$e01-jan-2023$fGBP29.95$g0$hP$5Uk
=CFI  2\$aPrevious copyright fee: GBP34.00$c22\1$e01-jul-2018$fGBP34.00$g0$hP$5Uk
=EST  \\$a1
=FFP  \\$aY$bBLDSS-3PM
=FIN  \\$aY$d20110414
=MNI  \\$a0256-7679
=SID  \\$aZ39$bOCLC
=TCO  \\$aZZZ$c008
=TOC  \\$aETOC
=UNO  \\$aY
=ACF  \\$aPrevious copyright fee: GBP22.00$c13\4$e12-apr-2011$fGBP22.00$g0$hP$5Uk
=ACF  \\$aPrevious copyright fee: GBP22.00$c13\4$e12-aug-2012$fGBP22.00$g0$hP$5Uk
=ACF  \\$aPrevious copyright fee: GBP25.00$c13\4$e01-jan-2013$fGBP25.00$g0$hP$5Uk
=ACF  \\$aPrevious copyright fee: GBP25.77$c13\4$e01-jul-2013$fGBP25.77$g0$hP$5Uk
=ACF  \\$aPrevious copyright fee: GBP24.97$c13\4$e01-jan-2014$fGBP24.97$g0$hP$5Uk
=ACF  \\$aPrevious copyright fee: GBP24.21$c13\4$e01-jul-2014$fGBP24.21$g0$hP$5Uk
=ACF  \\$aPrevious copyright fee: GBP25.77$c13\4$e01-apr-2015$fGBP25.77$g0$hP$5Uk
=ACF  \\$aPrevious copyright fee: GBP26.63$c13\4$e01-jul-2015$fGBP26.63$g0$hP$5Uk
=ACF  \\$aPrevious copyright fee: GBP25.77$c13\4$e01-oct-2015$fGBP25.77$g0$hP$5Uk
=ACF  \\$aPrevious copyright fee: GBP27.55$c13\4$e01-apr-2016$fGBP27.55$g0$hP$5Uk
=ACF  \\$aPrevious copyright fee: GBP29.59$c13\4$e01-oct-2016$fGBP29.59$g0$hP$5Uk
=ACF  \\$aPrevious copyright fee: GBP31.96$c13\4$e01-apr-2017$fGBP31.96$g0$hP$5Uk
=ACF  \\$aPrevious copyright fee: GBP30.73$c13\4$e01-oct-2017$fGBP30.73$g0$hP$5Uk
=ACF  \\$aPrevious copyright fee: GBP28.54$c13\4$e01-apr-2018$fGBP28.54$g0$hP$5Uk
=LAS  \\$a5410$b40$c20230410$lBLL01$h1720

