=LDR  05422cas a2201177 a 4500
=001  015791870
=003  Uk
=005  20230409122922.0
=006  m\\\\\\\\d\\\\\\\\
=007  cr||||||||||||
=008  010608c19999999ii\qr\p\s\\\\\0\\\a0eng\d
=FMT  \\$a  SE
=022  \\$a1998-3832$y0973-3930
=035  \\$a(OCoLC)427374107
=037  \\$a???$bSpringer
=040  \\$aCO3$cCO3$dUk
=042  \\$aukblsr
=060  00$aW1$bIN766GBFE
=082  04$a616.462005$222
=130  0\$aInternational journal of diabetes in developing countries (Online)
=222  \0$aInternational journal of diabetes in developing countries$b(Online)
=245  10$aInternational journal of diabetes in developing countries$h[electronic resource].
=246  13$aIJDDC
=260  \\$aBombay :$bPublished ... on behalf of the Research Society for Study of Diabetes in India,$c1999-
=260  2\$aMumbai :$bMedknow Publications
=260  3\$32011-$a[New Delhi] :$bSpringer India
=310  \\$aQuarterly
=336  \\$atext$2rdacontent
=337  \\$acomputer$2rdamedia
=338  \\$aonline resource$2rdacarrier
=362  0\$aVol. 19, no. 3 (Jul./Sept. 1999)-
=530  \\$aAlso issued in print.
=588  \\$aLatest issue consulted: Vol. 31, no. 1 (Feb. 2011) (SpringerLink, viewed Apr. 26, 2011).
=540  \\$aCurrent copyright fee: GBP34.95$c22\1$5Uk
=650  \0$aDiabetes$vPeriodicals.
=650  \0$aDiabetes$zDeveloping countries$vPeriodicals.
=710  2\$aResearch Society for the Study of Diabetes in India.
=776  1\$tInternational journal of diabetes in developing countries
=780  00$tDiabetes bulletin
=859  \\$aELD$bejournal
=856  \\$31850-9999$uhttp://www.springer.com/gb/$xBLDSS
=856  4\$uhttp://0-infotrac.galegroup.com.nell.boulder.lib.co.us/itw/infomark/1/1/1/purl=rc18%5fITOF%5F0%5F%5Fjn+%22International+Journal+of+Diabetes+in+Developing+Countries%22?sw_aep=bpls_main$zLink no longer valid
=856  40$uhttp://springerlink.com/content/0973-3930/
=859  \\$aXLD$bejournal
=852  41$aBritish Library$bDSC$j4542.185252$3Volume 31:Issue 1(2011)-Volume 38:Issue 1(2018)***See ESTAR for full holdings.
=852  41$aBritish Library$bHMNTS$jELD Digital store$3Volume 38:Issue 2(2018)-
=945  \\$aInternational journal of diabetes in developing countries
=959  \\$fHeld but not currently received
=979  \\$aBritish Library$bDSC$j4542.185252
=CAT  \\$a12500$b40$c20110414$lBLL01$h1201
=CAT  \\$aBATCH-UPD$b00$c20150820$lBLL01$h1839
=CAT  \\$aIPL-CLA$c20150930$lBLL01$h1841
=CAT  \\$aBATCH-UPD$b00$c20160217$lBLL01$h1729
=CAT  \\$aIPL-CLA$c20160331$lBLL01$h1804
=CAT  \\$aBATCH-UPD$b00$c20160524$lBLL01$h2214
=CAT  \\$aBATCH-UPD$b00$c20160525$lBLL01$h0052
=CAT  \\$aBATCH-UPD$b00$c20160824$lBLL01$h1756
=CAT  \\$aIPL-CLA$c20160930$lBLL01$h1632
=CAT  \\$aBATCH-UPD$b00$c20170216$lBLL01$h1845
=CAT  \\$aIPL-CLA$c20170331$lBLL01$h1910
=CAT  \\$aBATCH-UPD$b00$c20170904$lBLL01$h1854
=CAT  \\$aIPL-CLA$c20170929$lBLL01$h1756
=CAT  \\$aBATCH-UPD$b00$c20180223$lBLL01$h1726
=CAT  \\$aIPL-CLA$c20180331$lBLL01$h1654
=CAT  \\$aW1805-0475$c20180520$lBLL01$h1632
=CAT  \\$aBATCH-UPD$b00$c20180524$lBLL01$h1715
=CAT  \\$aIPL-CLA$c20180630$lBLL01$h1933
=CAT  \\$aW1908-0780$b00$c20200730$lBLL01$h1332
=CAT  \\$a15190$b40$c20201130$lBLL01$h1344
=CAT  \\$a5552$b40$c20210813$lBLL01$h1201
=CAT  \\$aIPL-CLA$c20210930$lBLL01$h1528
=CAT  \\$aCDS21$c20220118$lBLL01$h1105
=CAT  \\$aBATCH-UPD$b00$c20221121$lBLL01$h1412
=CAT  \\$aIPL-CLA$c20221231$lBLL01$h1450
=CAT  \\$a5410$b40$c20230409$lBLL01$h1229
=CFI  0\$aCurrent copyright fee: GBP34.95$c22\1$e01-jan-2023$fGBP34.95$g0$hP$5Uk
=CFI  2\$aPrevious copyright fee: GBP43.00$c22\1$e01-oct-2021$fGBP43.00$g0$hP$5Uk
=EST  \\$a1
=FFP  \\$aY$bBLDSS-3PM
=FIN  \\$aY$d20110426
=MNI  \\$a0973-3930
=SID  \\$aZ39$bOCLC
=TCO  \\$aXXX$c008
=TOC  \\$aETOC
=UNO  \\$aY
=ACF  \\$aPrevious copyright fee: GBP22.00$c22\3$e14-apr-2011$fGBP22.00$g0$hP$5Uk
=ACF  \\$aPrevious copyright fee: GBP22.00$c22\3$e12-aug-2012$fGBP22.00$g0$hP$5Uk
=ACF  \\$aPrevious copyright fee: GBP25.00$c22\3$e01-jan-2013$fGBP25.00$g0$hP$5Uk
=ACF  \\$aPrevious copyright fee: GBP25.77$c22\3$e01-jul-2013$fGBP25.77$g0$hP$5Uk
=ACF  \\$aPrevious copyright fee: GBP24.97$c22\3$e01-jan-2014$fGBP24.97$g0$hP$5Uk
=ACF  \\$aPrevious copyright fee: GBP24.21$c22\3$e01-jul-2014$fGBP24.21$g0$hP$5Uk
=ACF  \\$aPrevious copyright fee: GBP25.77$c22\3$e01-apr-2015$fGBP25.77$g0$hP$5Uk
=ACF  \\$aPrevious copyright fee: GBP26.63$c22\3$e01-jul-2015$fGBP26.63$g0$hP$5Uk
=ACF  \\$aPrevious copyright fee: GBP25.77$c22\3$e01-oct-2015$fGBP25.77$g0$hP$5Uk
=ACF  \\$aPrevious copyright fee: GBP27.55$c22\3$e01-apr-2016$fGBP27.55$g0$hP$5Uk
=ACF  \\$aPrevious copyright fee: GBP29.59$c22\3$e01-oct-2016$fGBP29.59$g0$hP$5Uk
=ACF  \\$aPrevious copyright fee: GBP31.96$c22\3$e01-apr-2017$fGBP31.96$g0$hP$5Uk
=ACF  \\$aPrevious copyright fee: GBP30.73$c22\3$e01-oct-2017$fGBP30.73$g0$hP$5Uk
=ACF  \\$aPrevious copyright fee: GBP28.54$c22\3$e01-apr-2018$fGBP28.54$g0$hP$5Uk
=ACF  \\$aPrevious copyright fee: GBP34.00$c22\1$e01-jul-2018$fGBP34.00$g0$hP$5Uk
=LAS  \\$a5410$b40$c20230409$lBLL01$h1229

