=LDR  05671cas a2201225 a 4500
=001  015793759
=003  Uk
=005  20230422115335.0
=006  m\\\\\\\\d\\\\\\\\
=007  cr||||||||||||
=008  050916c20019999sp\tr\pss\\\\\0\\\a0eng\d
=FMT  \\$a  SE
=022  \\$a1579-1505
=035  \\$a(OCoLC)61523043$z(OCoLC)607887214
=037  \\$a???$bSpringer
=040  \\$aOCLCS$beng$cOCLCS$dOCLCS$dOCLCE$dOCLCQ$dUk
=041  0\$aeng$bspa
=042  \\$aukblsr
=050  \4$aQA1$b.R3678
=082  04$a510.5$222
=130  0\$aRevista de la Real Academia de Ciencias Exactas, Físicas y Naturales.$nSerie A,$pMatemáticas (Online)
=222  \0$aRevista de la Real Academia de Ciencias Exactas, Físicas y Naturales. Serie A, Matemáticas$b(Internet)
=245  10$aRevista de la Real Academia de Ciencias Exactas, Físicas y Naturales.$nSerie A,$pMatemáticas$h[electronic resource].
=246  30$aMatemáticas
=246  13$aRACSAM
=260  \\$aMadrid :$bReal Academia de Ciencias Exactas, Físicas y Naturales
=260  3\$aMadrid :$bSpringer
=310  \\$a3 issues a year,$b2002-
=321  \\$aTwo issues a year,$b2001
=336  \\$atext$2rdacontent
=337  \\$acomputer$2rdamedia
=338  \\$aonline resource$2rdacarrier
=362  1\$aPrint began with 95, 1 (2001).
=500  \\$aSome issues also have distinctive themes.
=530  \\$aAlso issued in print.
=538  \\$aMode of access: World Wide Web.
=546  \\$aText in English, summaries in English and Spanish.
=588  \\$aDescription based on print version record.
=588  \\$aLatest issue consulted: Vol. 105, no. 1 (Mar. 2011) (SpringerLink, viewed May 9, 2011).
=540  \\$aCurrent copyright fee: GBP29.95$c22\1$5Uk
=650  \0$aMathematics$vPeriodicals.
=710  2\$aReal Academia de Ciencias Exactas, Físicas y Naturales de Madrid.
=776  1\$tRevista de la Real Academia de Ciencias Exactas, Físicas y Naturales. Serie A, Matemáticas$x1578-7303
=859  \\$aELD$bejournal
=856  \\$31850-9999$uhttp://www.springer.com/gb/$xBLDSS
=856  4\$uhttp://racefyn.insde.es/$zLink no longer valid
=856  4\$uhttp://rzblx1.uni-regensburg.de/ezeit/warpto.phtml?colors=7&jour%5Fid=57448
=856  40$uhttp://www.springerlink.com/content/1578-7303
=859  \\$aXLD$bejournal
=852  41$aBritish Library$bDSC$j7827.825000$3Volume 103:Issue 1(2009)-Volume 112:Issue 2(2018)***See ESTAR for full holdings.
=852  41$aBritish Library$bHMNTS$jELD Digital store$3Volume 112:Issue 3(2018)-
=945  \\$aRevista- Real Academia de Ciencias Exactas Fisicas y Naturales Serie A Matematicas
=959  \\$fHeld but not currently received
=979  \\$aBritish Library$bDSC$j7827.825000
=CAT  \\$a12500$b40$c20110419$lBLL01$h0932
=CAT  \\$aBATCH-UPD$b00$c20150520$lBLL01$h1752
=CAT  \\$aIPL-CLA$c20150630$lBLL01$h1714
=CAT  \\$aBATCH-UPD$b00$c20150820$lBLL01$h1839
=CAT  \\$aIPL-CLA$c20150930$lBLL01$h1841
=CAT  \\$aBATCH-UPD$b00$c20160217$lBLL01$h1730
=CAT  \\$aIPL-CLA$c20160331$lBLL01$h1804
=CAT  \\$aBATCH-UPD$b00$c20160524$lBLL01$h2214
=CAT  \\$aBATCH-UPD$b00$c20160525$lBLL01$h0052
=CAT  \\$aBATCH-UPD$b00$c20160824$lBLL01$h1756
=CAT  \\$aIPL-CLA$c20160930$lBLL01$h1632
=CAT  \\$aBATCH-UPD$b00$c20170216$lBLL01$h1845
=CAT  \\$aIPL-CLA$c20170331$lBLL01$h1910
=CAT  \\$aBATCH-UPD$b00$c20170904$lBLL01$h1854
=CAT  \\$aIPL-CLA$c20170929$lBLL01$h1756
=CAT  \\$aBATCH-UPD$b00$c20180223$lBLL01$h1726
=CAT  \\$aIPL-CLA$c20180331$lBLL01$h1654
=CAT  \\$aW1805-0475$c20180520$lBLL01$h1632
=CAT  \\$aBATCH-UPD$b00$c20180524$lBLL01$h1715
=CAT  \\$aIPL-CLA$c20180630$lBLL01$h1933
=CAT  \\$aW1908-0780$b00$c20200730$lBLL01$h1332
=CAT  \\$a15190$b40$c20210409$lBLL01$h1108
=CAT  \\$aCDS21$c20220118$lBLL01$h1105
=CAT  \\$aBATCH-UPD$b00$c20221121$lBLL01$h1405
=CAT  \\$aIPL-CLA$c20221231$lBLL01$h1450
=CAT  \\$a5410$b40$c20230422$lBLL01$h1153
=CFI  0\$aCurrent copyright fee: GBP29.95$c22\1$e01-jan-2023$fGBP29.95$g0$hP$5Uk
=CFI  2\$aPrevious copyright fee: GBP34.00$c22\1$e01-jul-2018$fGBP34.00$g0$hP$5Uk
=EST  \\$a1
=FFP  \\$aY$bBLDSS-3PM
=FIN  \\$aY$d20110509
=MNI  \\$a1578-7303
=SID  \\$aZ39$bOCLC
=TCO  \\$aESP$bCEDRO$c008
=TOC  \\$aETOC
=UNO  \\$aY
=ACF  \\$aPrevious copyright fee: GBP22.00$c22\3$e19-apr-2011$fGBP22.00$g0$hP$5Uk
=ACF  \\$aPrevious copyright fee: GBP22.00$c22\3$e12-aug-2012$fGBP22.00$g0$hP$5Uk
=ACF  \\$aPrevious copyright fee: GBP25.00$c22\3$e01-jan-2013$fGBP25.00$g0$hP$5Uk
=ACF  \\$aPrevious copyright fee: GBP25.77$c22\3$e01-jul-2013$fGBP25.77$g0$hP$5Uk
=ACF  \\$aPrevious copyright fee: GBP24.97$c22\3$e01-jan-2014$fGBP24.97$g0$hP$5Uk
=ACF  \\$aPrevious copyright fee: GBP24.21$c22\3$e01-jul-2014$fGBP24.21$g0$hP$5Uk
=ACF  \\$aPrevious copyright fee: GBP25.77$c22\3$e01-apr-2015$fGBP25.77$g0$hP$5Uk
=ACF  \\$aPrevious copyright fee: GBP26.63$c22\3$e01-jul-2015$fGBP26.63$g0$hP$5Uk
=ACF  \\$aPrevious copyright fee: GBP25.77$c22\3$e01-oct-2015$fGBP25.77$g0$hP$5Uk
=ACF  \\$aPrevious copyright fee: GBP27.55$c22\3$e01-apr-2016$fGBP27.55$g0$hP$5Uk
=ACF  \\$aPrevious copyright fee: GBP29.59$c22\3$e01-oct-2016$fGBP29.59$g0$hP$5Uk
=ACF  \\$aPrevious copyright fee: GBP31.96$c22\3$e01-apr-2017$fGBP31.96$g0$hP$5Uk
=ACF  \\$aPrevious copyright fee: GBP30.73$c22\3$e01-oct-2017$fGBP30.73$g0$hP$5Uk
=ACF  \\$aPrevious copyright fee: GBP28.54$c22\3$e01-apr-2018$fGBP28.54$g0$hP$5Uk
=LAS  \\$a5410$b40$c20230422$lBLL01$h1153

