=LDR  06461cas a2201369 a 4500
=001  014459435
=003  Uk
=005  20230319103725.0
=006  m\\\\\o\\d\\\\\\\\
=007  cr\|||||||||||
=008  990729c19839999gauqr\pso\\\\\0\\\a0eng\c
=FMT  \\$a  SE
=010  \\$a  2005215550
=016  7\$a2018592-3$2DE-600
=022  0\$a1572-9818$y0735-9640$z1556-469X$z1605-7244
=035  \\$a(OCoLC)41977097
=037  \\$a???$bSpringer
=040  \\$aOCoLC$beng$cOCoLC$dOCoLC$dNSDP$dDLC$dCFlS$dU9S$dDLC$dOCoLC$dHEBIS$dMCM$dOCoLC$dOCLCF$dDLC$dUk
=042  \\$aukblsr
=050  14$aQK981
=082  04$a572.8205$223
=130  0\$aPlant molecular biology reporter (Online)
=210  0\$aPlant mol. biol. report.$b(Dordr. Online)
=222  \0$aPlant molecular biology reporter$b(Dordrecht. Online)
=245  10$aPlant molecular biology reporter$h[electronic resource].
=260  \\$a[New York] :$b[Mary Ann Liebert],$c1983-
=260  2\$3<1986->:$a[Athens, Ga.] :$b[Agee Publishers]
=260  2\$3<Feb. 1992->:$a[Athens, Ga.] :$b[Transaction Periodicals Consortium for the Society]
=260  2\$3<1997->:$a[Dordrecht] :$b[Kluwer Academic Publishers]
=264  21$32005-$aAthens, Ga. :$bInternational Society for Plant Molecular Biology
=264  31$3<2007> :$a[New York, NY] :$bSpringer
=310  \\$aQuarterly
=336  \\$atext$2rdacontent
=337  \\$acomputer$2rdamedia
=338  \\$aonline resource$2rdacarrier
=362  1\$aPrint began with vol. 1, no. 1, published in 1983.
=530  \\$aAlso issued in print.
=538  \\$aMode of access: World Wide Web.
=550  \\$aPublication of the International Society for Plant Molecular Biology, -2006.
=588  \\$aDescription based on: Vol. 15, no. 3 (1997); title from journal information screen (viewed June 21, 1999).
=588  \\$aLatest issue consulted: volume 33, issue 2 (April 2015) (SpringerLink, viewed May 11, 2015).
=540  \\$aCurrent copyright fee: GBP29.95$c22\1$5Uk
=650  \0$aPlant molecular biology$vPeriodicals.
=650  \0$aPlant genetics$vPeriodicals.
=650  \6$aBiologie moléculaire végétale$vPériodiques.
=650  \6$aGénétique végétale$vPériodiques.
=650  \7$aPlant genetics.$2fast$0(OCoLC)fst01065459
=650  \7$aPlant molecular biology.$2fast$0(OCoLC)fst01065557
=655  \7$aPeriodicals.$2fast$0(OCoLC)fst01411641
=710  2\$aInternational Society for Plant Molecular Biology.
=776  1\$tPlant molecular biology reporter$x0735-9640
=780  00$tPlant molecular biology newsletter
=859  \\$aELD$bejournal
=856  \\$31850-9999$uhttp://www.springer.com/gb/$xBLDSS
=856  4\$uhttp://www.uga.edu/ispmb/$zLink no longer valid
=856  40$uhttp://www.springerlink.com/content/0735-9640
=859  \\$aXLD$bejournal
=852  41$aBritish Library$bDSC$j6520.360000$3Volume 15:Issue 1(1997)-Volume 36:Issue 1(2018)***See ESTAR for full holdings.
=852  41$aBritish Library$bHMNTS$jELD Digital store$3Volume 36:Issue 1(2018)-
=945  \\$aPlant molecular biology reporter
=959  \\$fHeld but not currently received
=979  \\$aBritish Library$bDSC$j6520.360000
=CAT  \\$a7174$b40$c20071128$lBLL01$h0930
=CAT  \\$aBATCH-UPD$b40$c20150520$lBLL01$h1759
=CAT  \\$aIPL-CLA$c20150630$lBLL01$h1659
=CAT  \\$aBATCH-UPD$b00$c20150820$lBLL01$h1846
=CAT  \\$aIPL-CLA$c20150930$lBLL01$h1825
=CAT  \\$aBATCH-UPD$b00$c20160217$lBLL01$h1737
=CAT  \\$aIPL-CLA$c20160331$lBLL01$h1747
=CAT  \\$aBATCH-UPD$b00$c20160524$lBLL01$h2212
=CAT  \\$aBATCH-UPD$b00$c20160525$lBLL01$h0032
=CAT  \\$aBATCH-UPD$b00$c20160824$lBLL01$h1804
=CAT  \\$aIPL-CLA$c20160930$lBLL01$h1618
=CAT  \\$aBATCH-UPD$b00$c20170216$lBLL01$h1853
=CAT  \\$aIPL-CLA$c20170331$lBLL01$h1857
=CAT  \\$aBATCH-UPD$b00$c20170904$lBLL01$h1902
=CAT  \\$aIPL-CLA$c20170929$lBLL01$h1742
=CAT  \\$aBATCH-UPD$b00$c20180223$lBLL01$h1736
=CAT  \\$aIPL-CLA$c20180331$lBLL01$h1635
=CAT  \\$aW1805-0475$c20180520$lBLL01$h1632
=CAT  \\$aBATCH-UPD$b00$c20180524$lBLL01$h1722
=CAT  \\$aIPL-CLA$c20180630$lBLL01$h1924
=CAT  \\$aW1908-0780$b00$c20200730$lBLL01$h1331
=CAT  \\$a15190$b40$c20210326$lBLL01$h1454
=CAT  \\$aCDS21$c20220118$lBLL01$h1105
=CAT  \\$aBATCH-UPD$b00$c20221121$lBLL01$h1402
=CAT  \\$aIPL-CLA$c20221231$lBLL01$h1448
=CAT  \\$a5410$b40$c20230319$lBLL01$h1037
=CFI  0\$aCurrent copyright fee: GBP29.95$c22\1$e01-jan-2023$fGBP29.95$g0$hP$5Uk
=CFI  2\$aPrevious copyright fee: GBP34.00$c22\1$e01-jul-2018$fGBP34.00$g0$hP$5Uk
=EST  \\$a1
=FFP  \\$aY$bBLDSS-3PM
=FIN  \\$aY$d20150511
=LET  \0$aPlant molecular biology reporter (Electronic)
=LKR  \\$aPAR$b012771385$lBLL01$r776$mPlant molecular biology reporter (Online)$nPlant molecular biology reporter (Print)
=MNI  \\$a0735-9640
=SRC  \\$aBLL02
=TCO  \\$aTRS$bCCC$c008
=TOC  \\$aETOC
=UNO  \\$aY
=ACF  \\$aPrevious copyright fee: GBP21.25$c22\8$e01-jan-2009$fGBP21.25$g0$hP$5Uk
=ACF  \\$aPrevious Copyright Fee: GBP16.75$c22\8$e28-nov-2007$fGBP16.75$g0$hP$5Uk
=ACF  \\$aPrevious copyright fee: GBP22.00$c22\8$e01-apr-2009$fGBP22.00$g0$hP$5Uk
=ACF  \\$aPrevious copyright fee: GBP22.00$c22\8$e12-aug-2012$fGBP22.00$g0$hP$5Uk
=ACF  \\$aPrevious copyright fee: GBP25.00$c22\8$e01-jan-2013$fGBP25.00$g0$hP$5Uk
=ACF  \\$aPrevious copyright fee: GBP25.77$c22\8$e01-jul-2013$fGBP25.77$g0$hP$5Uk
=ACF  \\$aPrevious copyright fee: GBP24.97$c22\8$e01-jan-2014$fGBP24.97$g0$hP$5Uk
=ACF  \\$aPrevious copyright fee: GBP24.21$c22\8$e01-jul-2014$fGBP24.21$g0$hP$5Uk
=ACF  \\$aPrevious copyright fee: GBP25.77$c22\8$e01-apr-2015$fGBP25.77$g0$hP$5Uk
=ACF  \\$aPrevious copyright fee: GBP26.63$c22\8$e01-jul-2015$fGBP26.63$g0$hP$5Uk
=ACF  \\$aPrevious copyright fee: GBP25.77$c22\8$e01-oct-2015$fGBP25.77$g0$hP$5Uk
=ACF  \\$aPrevious copyright fee: GBP27.55$c22\8$e01-apr-2016$fGBP27.55$g0$hP$5Uk
=ACF  \\$aPrevious copyright fee: GBP29.59$c22\8$e01-oct-2016$fGBP29.59$g0$hP$5Uk
=ACF  \\$aPrevious copyright fee: GBP31.96$c22\8$e01-apr-2017$fGBP31.96$g0$hP$5Uk
=ACF  \\$aPrevious copyright fee: GBP30.73$c22\8$e01-oct-2017$fGBP30.73$g0$hP$5Uk
=ACF  \\$aPrevious copyright fee: GBP28.54$c22\8$e01-apr-2018$fGBP28.54$g0$hP$5Uk
=LAS  \\$a5410$b40$c20230319$lBLL01$h1037

