=LDR  06005cas a2201249 i 4500
=001  014570979
=003  Uk
=005  20230319101128.0
=006  m\\\\\\\\d\\\\\\\\
=007  cr\|||||||||||
=008  050614c19789999ko\mr\poo\\\\\0\\\a0eng\c
=FMT  \\$a  SE
=022  \\$a1976-3786$y0253-6269$l0253-6269
=035  \\$a(WaSeSS)ssj0036555
=035  \\$a(UkCU)4863352
=037  \\$a???$bSpringer
=038  \\$aOCoLC
=040  \\$aOCoLC$beng$cOCoLC$dOCoLC$dPPiU-H$dOCoLC$dWaSeSS$dUk
=042  \\$aukblsr
=050  \4$aRM1$b.A74
=060  \4$aW1$bAR472
=082  04$a615.05$223
=130  0\$aArchives of pharmacal research
=210  0\$aArch. pharm. res$b(Seoul. Online)
=222  \0$aArchives of pharmacal research$b(Seoul. Online)
=245  10$aArchives of pharmacal research.$ba publication of the Pharmaceutical Society of Korea.
=260  \\$a[Seoul], Korea :$bPharmaceutical Society of Korea
=264  31$a[Amsterdam] :$bSpringer Netherlands
=310  \\$aMonthly,$b2003-
=321  \\$aFrequency varies
=336  \\$atext$2rdacontent
=337  \\$acomputer$2rdamedia
=338  \\$aonline resource$2rdacarrier
=362  0\$aV. 1, no. 1 (Dec. 1978)-
=588  \\$aDescription based on: V. 1, no. 1 (Dec. 1978); title from journal home page (SpringerLink Web site, viewed Apr. 20, 2009).
=588  \\$aLatest issue consulted: volume 36, issue p (September 2013) (viewed September 30, 2013).
=540  \\$aCurrent copyright fee: GBP34.95$c22\1$5Uk
=650  \0$aPharmacology$vPeriodicals.
=776  08$iAlso issued in print as:
=710  2\$aTaehan Yakhakhoe,$eissuing body.
=776  08$iPrint version:$tArchives of pharmacal research$x0253-6269
=859  \\$aELD$bejournal
=856  \\$31850-9999$uhttp://www.springer.com/gb/$xBLDSS
=856  4\$uhttp://link.springer.com/journal/12272
=856  40$uhttp://ezproxy.lib.cam.ac.uk:2048/login?url=http://link.springer.com/openurl?genre=journal&issn=0253-6269&volume=$zFull text available from Springer Online Journal Archives (Through 1996): 01/12/1978 to 31/12/1996
=856  40$uhttp://ezproxy.lib.cam.ac.uk:2048/login?url=http://link.springer.com/openurl?genre=journal&issn=0253-6269&volume=$zFull text available from SpringerLINK Contemporary (NESLi2 Option 1 Closed Consortium): 01/01/1997 to present
=859  \\$aXLD$bejournal
=852  41$aBritish Library$bDSC$j1638.975000$3Volume 20:Issue 1(1997)-Volume 41:Issue 3(2018)***See ESTAR for full holdings.
=852  41$aBritish Library$bHMNTS$jELD Digital store$3Volume 40:Issue 12(2017)-
=945  \\$aArchives of pharmacal research
=959  \\$fHeld but not currently received
=979  \\$aBritish Library$bDSC$j1638.975000
=CAT  \\$a7174$b40$c20080326$lBLL01$h1136
=CAT  \\$aBATCH-UPD$b00$c20150820$lBLL01$h1920
=CAT  \\$aIPL-CLA$c20150930$lBLL01$h1826
=CAT  \\$aBATCH-UPD$b00$c20160217$lBLL01$h1815
=CAT  \\$aIPL-CLA$c20160331$lBLL01$h1748
=CAT  \\$aBATCH-UPD$b00$c20160524$lBLL01$h2245
=CAT  \\$aBATCH-UPD$b00$c20160525$lBLL01$h0512
=CAT  \\$aBATCH-UPD$b00$c20160824$lBLL01$h1840
=CAT  \\$aIPL-CLA$c20160930$lBLL01$h1620
=CAT  \\$aBATCH-UPD$b00$c20170216$lBLL01$h1923
=CAT  \\$aIPL-CLA$c20170331$lBLL01$h1858
=CAT  \\$aBATCH-UPD$b00$c20170904$lBLL01$h1944
=CAT  \\$aIPL-CLA$c20170929$lBLL01$h1744
=CAT  \\$aBATCH-UPD$b00$c20180223$lBLL01$h1823
=CAT  \\$aIPL-CLA$c20180331$lBLL01$h1636
=CAT  \\$aW1805-0475$c20180520$lBLL01$h1632
=CAT  \\$aBATCH-UPD$b00$c20180524$lBLL01$h1741
=CAT  \\$aIPL-CLA$c20180630$lBLL01$h1925
=CAT  \\$aW1908-0780$b00$c20200730$lBLL01$h1331
=CAT  \\$a15190$b40$c20201006$lBLL01$h0935
=CAT  \\$a5552$b40$c20210810$lBLL01$h0930
=CAT  \\$aIPL-CLA$c20210930$lBLL01$h1528
=CAT  \\$aCDS21$c20220118$lBLL01$h1105
=CAT  \\$aBATCH-UPD$b00$c20221121$lBLL01$h1412
=CAT  \\$aIPL-CLA$c20221231$lBLL01$h1449
=CAT  \\$a5410$b40$c20230319$lBLL01$h1011
=CFI  0\$aCurrent copyright fee: GBP34.95$c22\1$e01-jan-2023$fGBP34.95$g0$hP$5Uk
=CFI  2\$aPrevious copyright fee: GBP43.00$c22\1$e01-oct-2021$fGBP43.00$g0$hP$5Uk
=EST  \\$a1
=FFP  \\$aY$bBLDSS-3PM
=FIN  \\$aY$d20130930
=LKR  \\$aPAR$b010196342$lBLL01$nArchives of pharmacal research (Print)$mArchives of pharmacal research (Online)$r776
=MNI  \\$a0253-6269
=SID  \\$aZ39$bRLUK
=TCO  \\$aXXX$c008
=TOC  \\$aETOC
=UNO  \\$aY
=ACF  \\$aPrevious copyright fee: GBP21.25$c41\1$e01-jan-2009$fGBP21.25$g0$hP$5Uk
=ACF  \\$aPrevious Copyright Fee: GBP16.75$c41\1$e26-mar-2008$fGBP16.75$g0$hP$5Uk
=ACF  \\$aPrevious copyright fee: GBP22.00$c41\1$e01-apr-2009$fGBP22.00$g0$hP$5Uk
=ACF  \\$aPrevious copyright fee: GBP22.00$c41\1$e12-aug-2012$fGBP22.00$g0$hP$5Uk
=ACF  \\$aPrevious copyright fee: GBP25.00$c41\1$e01-jan-2013$fGBP25.00$g0$hP$5Uk
=ACF  \\$aPrevious copyright fee: GBP25.77$c41\1$e01-jul-2013$fGBP25.77$g0$hP$5Uk
=ACF  \\$aPrevious copyright fee: GBP24.97$c41\1$e01-jan-2014$fGBP24.97$g0$hP$5Uk
=ACF  \\$aPrevious copyright fee: GBP24.21$c41\1$e01-jul-2014$fGBP24.21$g0$hP$5Uk
=ACF  \\$aPrevious copyright fee: GBP25.77$c41\1$e01-apr-2015$fGBP25.77$g0$hP$5Uk
=ACF  \\$aPrevious copyright fee: GBP26.63$c41\1$e01-jul-2015$fGBP26.63$g0$hP$5Uk
=ACF  \\$aPrevious copyright fee: GBP25.77$c41\1$e01-oct-2015$fGBP25.77$g0$hP$5Uk
=ACF  \\$aPrevious copyright fee: GBP27.55$c41\1$e01-apr-2016$fGBP27.55$g0$hP$5Uk
=ACF  \\$aPrevious copyright fee: GBP29.59$c41\1$e01-oct-2016$fGBP29.59$g0$hP$5Uk
=ACF  \\$aPrevious copyright fee: GBP31.96$c41\1$e01-apr-2017$fGBP31.96$g0$hP$5Uk
=ACF  \\$aPrevious copyright fee: GBP30.73$c41\1$e01-oct-2017$fGBP30.73$g0$hP$5Uk
=ACF  \\$aPrevious copyright fee: GBP28.54$c41\1$e01-apr-2018$fGBP28.54$g0$hP$5Uk
=ACF  \\$aPrevious copyright fee: GBP34.00$c22\1$e01-jul-2018$fGBP34.00$g0$hP$5Uk
=LAS  \\$a5410$b40$c20230319$lBLL01$h1011

