=LDR  04618cas a2201081 a 4500
=001  014785192
=003  Uk
=005  20221231144935.0
=006  m\\\\\\\\d\\\\\\\\
=007  cr||||||||||||
=008  991013c19749999pauqr\pss\os\\0\\\a0eng\c
=FMT  \\$a  SE
=010  \\$a2007213644
=015  \\$aGBA8C2759$2bnb
=022  \\$a1939-4632$202
=035  \\$a(OCoLC)42629270
=037  \\$bEastern Economic Association, Dept. of Economics, Iona College, 715 North Ave., New Rochelle, NY 10801-1890$a???$cNo price
=037  3\$a???$bSpringer
=040  \\$aBNG$cBNG$dOCLCQ$dNSD$dKNV$dUk
=042  \\$aissnuk$aukblsr
=050  \4$aHB1$b.E13
=082  04$a330$222
=130  0\$aEastern economic journal (Online)
=222  \0$aEastern economic journal$b(Online)
=245  10$aEastern economic journal$h[electronic resource].
=246  13$aEEJ
=260  \\$aBloomsburg, Pa. :$bEastern Economic Association,$c1992-
=260  3\$32008-$aBasingstoke :$bPalgrave Macmillan
=310  \\$aQuarterly
=336  \\$atext$2rdacontent
=337  \\$acomputer$2rdamedia
=338  \\$aonline resource$2rdacarrier
=362  1\$aPrint began in 1974.
=500  \\$aDescription based on May 19, 1999; title from printout for ProQuest Direct ABI/INFORM global database.
=500  \\$aLatest issue consulted: Vol. 34, issue 3 (summer 2008) (Palgrave Macmillan, viewed on Oct. 23, 2008).
=540  \\$aCurrent copyright fee: GBP29.95$c22\1$5Uk
=650  \0$aEconomics$vPeriodicals.
=690  7\$aManagement and Business Studies$2blcoll
=710  2\$aEastern Economic Association (U.S.)
=776  08$iPublished also in print:$tEastern economic journal$x0094-5056
=859  \\$aELD$bejournal
=856  \\$31850-9999$uhttp://www.palgrave.com/home/index.asp$xBLDSS
=856  40$uhttp://proquest.umi.com/pqdlink?RQT=318&pmid=11879&TS=1186581863&clientId=45714&VInst=PROD&VName=PQD&VType=PQD
=856  40$uhttp://www.palgrave-journals.com/eej/index.html
=856  40$uhttp://www.umi.com/pqdauto/$zOnline version via ProQuest Direct's ABI/INFORM global database at:
=859  \\$aXLD$bejournal
=852  41$aBritish Library$bHMNTS$jELD Digital store$3Volume 42:Issue 4(2016)-***Previous issues available in print copy
=852  41$aBritish Library$bDSC$j3646.587900$3Volume 33:Issue 1(2007)-Volume 37:Issue 4(2011)***See ESTAR for full holdings.
=945  \\$aEastern economic journal
=959  \\$fHeld but not currently received
=985  \\$aISSN responsibility transferred to UK from US Centre 31.7.13.
=985  \\$aCONFERENCE ANALYTIC RECORDS EXIST
=CAT  \\$a3072$b40$c20081023$lBLL01$h1539
=CAT  \\$a8464$b40$c20081029$lBLL01$h0748
=CAT  \\$a8464$b40$c20081029$lBLL01$h0754
=CAT  \\$aBATCH$b00$c20090625$lBLL01$h1719
=CAT  \\$aBATCH-UPD$b00$c20100818$lBLL01$h1552
=CAT  \\$aIPL-CLA$c20100930$lBLL01$h1531
=CAT  \\$a11033$b40$c20110314$lBLL01$h0958
=CAT  \\$aCDS12-UPD$b40$c20111212$lBLL01$h1842
=CAT  \\$aBATCH-CLA$b00$c20130526$lBLL01$h1627
=CAT  \\$a10973$b40$c20130731$lBLL01$h1537
=CAT  \\$a10934$b40$c20140521$lBLL01$h0914
=CAT  \\$aBLDSS-3PM$b00$c20160620$lBLL01$h1456
=CAT  \\$aBATCH-UPD$b00$c20160620$lBLL01$h1458
=CAT  \\$aBATCH-UPD$b00$c20171121$lBLL01$h1713
=CAT  \\$aIPL-CLA$c20171231$lBLL01$h1738
=CAT  \\$a14412$b40$c20180118$lBLL01$h1108
=CAT  \\$aBATCH-UPD$b40$c20180223$lBLL01$h1820
=CAT  \\$aIPL-CLA$c20180331$lBLL01$h1640
=CAT  \\$aBATCH-UPD$b00$c20180524$lBLL01$h1739
=CAT  \\$aIPL-CLA$c20180630$lBLL01$h1927
=CAT  \\$aBATCH-UPD$b00$c20180704$lBLL01$h0023
=CAT  \\$aW1908-0780$b00$c20200730$lBLL01$h1331
=CAT  \\$aCDS21$c20220118$lBLL01$h1105
=CAT  \\$aBATCH-UPD$b00$c20221121$lBLL01$h1403
=CAT  \\$aIPL-CLA$c20221231$lBLL01$h1449
=CFI  0\$aCurrent copyright fee: GBP29.95$c22\1$e01-jan-2023$fGBP29.95$g0$hP$5Uk
=CFI  2\$aPrevious copyright fee: GBP34.00$c22\1$e01-jul-2018$fGBP34.00$g0$hP$5Uk
=EST  \\$a1
=FFP  \\$aY$bBLDSS-3PM
=FIN  \\$aY$d20081023
=MNI  \\$a0094-5056
=SID  \\$aZ39$bOCLC
=TCO  \\$aTRS$bCCC$c008
=TCO  \\$aCLA$bCLA$c008
=TOC  \\$aETOC
=UNO  \\$aY
=ACF  \\$aPrevious copyright fee: GBP17.50$c39\0$e29-oct-2008$fGBP17.50$g0$hP$5Uk
=ACF  \\$aPrevious copyright fee: GBP22.00$c39\0$e01-oct-2010$fGBP22.00$g0$hP$5Uk
=ACF  \\$aPrevious copyright fee: GBP30.74$c39\0$e01-jan-2018$fGBP30.74$g0$hP$5Uk
=ACF  \\$aPrevious copyright fee: GBP28.54$c39\0$e01-apr-2018$fGBP28.54$g0$hP$5Uk
=LAS  \\$aIPL-CLA$b00$c20221231$lBLL01$h1449

