=LDR  06143cas a2201369 a 4500
=001  014898565
=003  Uk
=005  20230405154526.0
=006  m\\\\\\\\d\\\\\\\\
=007  cr\un|||||||||
=008  050822c19739999ne\br\pss\\\\\0\\\a0eng\d
=FMT  \\$a  SE
=022  0\$a1876-7184
=035  \\$a(OCoLC)61311292
=037  \\$a???$bSpringer
=040  \\$aOCLCS$cOCLCS$dOCLCS$dCIT$dUk
=042  \\$aukblsr
=050  14$aSB599
=082  04$a632.905$222
=130  0\$aPhytoparasitica (Online)
=210  10$aPhytoparasitica$b(Online)
=222  \0$aPhytoparasitica$b(Online)
=245  10$aPhytoparasitica$h[electronic resource] :$bIsrael journal of plant protection sciences.
=246  30$aIsrael journal of plant protection sciences
=260  \\$a[Bet Dagan, Israel] :$bAgricultural Research Organization, the Volcani Center
=260  3\$32009-$aNetherlands :$bSpringer Netherlands
=310  \\$aFive times a year,$b2001-
=321  \\$aSemiannual,$b1973-75
=321  \\$aThree no. a year,$b1976-
=321  \\$aQuarterly,$b-2000
=336  \\$atext$2rdacontent
=337  \\$acomputer$2rdamedia
=338  \\$aonline resource$2rdacarrier
=362  1\$aBegan with v. 1 in June 1973.
=500  \\$aDescription based on print version record.
=515  \\$aSome articles also numbered as publications of the Agricultural Research Organization.
=525  \\$aSome no. have supplements.
=530  \\$aAlso issued in print.
=538  \\$aMode of access: World Wide Web.
=550  \\$aPublished in cooperation with Phytopathological Society of Israel, and Weed Science Society of Israel.
=500  \\$aLatest issue consulted: Vol. 37, no. 2 (Apr. 2009), journal home page (SpringerLink Web site, viewed Mar. 6, 2009).
=540  \\$aCurrent copyright fee: GBP29.95$c22\1$5Uk
=650  \0$aPlant diseases$zIsrael.
=650  \0$aWeeds$xControl$zIsrael.
=650  \0$aPlant diseases$vPeriodicals.
=650  \0$aPhytopathogenic fungi$vPeriodicals.
=650  \0$aAgricultural pests$vPeriodicals.
=710  2\$aMerkaz Ṿolḳani.
=710  2\$aPhytopathological Society of Israel.
=710  2\$aAgudah ha-yisreʹelit le-madaʹ ha-asavim ha-raʹim.
=772  0\$tPhytoparasitica. Supplement
=776  08$iPrint version$tPhytoparasitica$x0334-2123
=859  \\$aELD$bejournal
=856  \\$31850-9999$uhttp://www.springer.com/gb/$xBLDSS
=856  4\$uhttp://rzblx1.uni-regensburg.de/ezeit/warpto.phtml?colors=7&jour%5Fid=7140$zLink no longer valid as of Jan. 30, 2009
=856  4\$uhttp://www.phytoparasitica.org/$zLink no longer valid as of Jan. 30, 2009
=856  40$uhttp://www.springerlink.com/content/0334-2123
=859  \\$aXLD$bejournal
=852  41$aBritish Library$bDSC$j6494.550000$3Volume 26:Issue 1(1998)-Volume 46:Issue 1(2018)***See ESTAR for full holdings.
=852  41$aBritish Library$bHMNTS$jELD Digital store$3Volume 45:Issue 5(2017)-
=945  \\$aPhytoparasitica
=959  \\$fHeld but not currently received
=979  \\$aBritish Library$bDSC$j6494.550000
=985  \\$a2 & 3 new bodies; 1 has variant on other recs - Merkaz Wolqani.
=985  \\$aCONFERENCE ANALYTIC RECORDS EXIST
=CAT  \\$a6811$b40$c20090209$lBLL01$h1130
=CAT  \\$aBATCH-UPD$b00$c20150520$lBLL01$h1751
=CAT  \\$aIPL-CLA$c20150630$lBLL01$h1704
=CAT  \\$aBATCH-UPD$b00$c20150820$lBLL01$h1839
=CAT  \\$aIPL-CLA$c20150930$lBLL01$h1831
=CAT  \\$aBATCH-UPD$b00$c20160217$lBLL01$h1729
=CAT  \\$aIPL-CLA$c20160331$lBLL01$h1753
=CAT  \\$aBATCH-UPD$b00$c20160524$lBLL01$h2213
=CAT  \\$aBATCH-UPD$b00$c20160525$lBLL01$h0039
=CAT  \\$aBATCH-UPD$b00$c20160824$lBLL01$h1756
=CAT  \\$aIPL-CLA$c20160930$lBLL01$h1624
=CAT  \\$aBATCH-UPD$b00$c20170216$lBLL01$h1844
=CAT  \\$aIPL-CLA$c20170331$lBLL01$h1901
=CAT  \\$aBATCH-UPD$b00$c20170904$lBLL01$h1853
=CAT  \\$aIPL-CLA$c20170929$lBLL01$h1748
=CAT  \\$aBATCH-UPD$b00$c20180223$lBLL01$h1724
=CAT  \\$aIPL-CLA$c20180331$lBLL01$h1641
=CAT  \\$aW1805-0475$c20180520$lBLL01$h1632
=CAT  \\$aBATCH-UPD$b00$c20180524$lBLL01$h1715
=CAT  \\$aIPL-CLA$c20180630$lBLL01$h1928
=CAT  \\$aW1908-0780$b00$c20200730$lBLL01$h1331
=CAT  \\$a15190$b40$c20210325$lBLL01$h1614
=CAT  \\$aCDS21$c20220118$lBLL01$h1105
=CAT  \\$aBATCH-UPD$b00$c20221121$lBLL01$h1403
=CAT  \\$aIPL-CLA$c20221231$lBLL01$h1449
=CAT  \\$a5410$b40$c20230405$lBLL01$h1545
=CFI  0\$aCurrent copyright fee: GBP29.95$c22\1$e01-jan-2023$fGBP29.95$g0$hP$5Uk
=CFI  2\$aPrevious copyright fee: GBP34.00$c22\1$e01-jul-2018$fGBP34.00$g0$hP$5Uk
=EST  \\$a1
=FFP  \\$aY$bBLDSS-3PM
=FIN  \\$aY$d20090406
=MNI  \\$a0334-2123
=SID  \\$aZ39$bOCLC
=TCO  \\$aNLD$bSTICHTING REPRORECHT$c008
=TCO  \\$aXXX$c008
=TOC  \\$aETOC
=UNO  \\$aY
=ACF  \\$aPrevious copyright fee: GBP22.00$c22\3$e09-feb-2009$fGBP22.00$g0$hP$5Uk
=ACF  \\$aPrevious copyright fee: GBP22.00$c22\3$e12-aug-2012$fGBP22.00$g0$hP$5Uk
=ACF  \\$aPrevious copyright fee: GBP25.00$c22\3$e01-jan-2013$fGBP25.00$g0$hP$5Uk
=ACF  \\$aPrevious copyright fee: GBP25.77$c22\3$e01-jul-2013$fGBP25.77$g0$hP$5Uk
=ACF  \\$aPrevious copyright fee: GBP24.97$c22\3$e01-jan-2014$fGBP24.97$g0$hP$5Uk
=ACF  \\$aPrevious copyright fee: GBP24.21$c22\3$e01-jul-2014$fGBP24.21$g0$hP$5Uk
=ACF  \\$aPrevious copyright fee: GBP25.77$c22\3$e01-apr-2015$fGBP25.77$g0$hP$5Uk
=ACF  \\$aPrevious copyright fee: GBP26.63$c22\3$e01-jul-2015$fGBP26.63$g0$hP$5Uk
=ACF  \\$aPrevious copyright fee: GBP25.77$c22\3$e01-oct-2015$fGBP25.77$g0$hP$5Uk
=ACF  \\$aPrevious copyright fee: GBP27.55$c22\3$e01-apr-2016$fGBP27.55$g0$hP$5Uk
=ACF  \\$aPrevious copyright fee: GBP29.59$c22\3$e01-oct-2016$fGBP29.59$g0$hP$5Uk
=ACF  \\$aPrevious copyright fee: GBP31.96$c22\3$e01-apr-2017$fGBP31.96$g0$hP$5Uk
=ACF  \\$aPrevious copyright fee: GBP30.73$c22\3$e01-oct-2017$fGBP30.73$g0$hP$5Uk
=ACF  \\$aPrevious copyright fee: GBP28.54$c22\3$e01-apr-2018$fGBP28.54$g0$hP$5Uk
=LAS  \\$a5410$b40$c20230405$lBLL01$h1545

