=LDR  04082cas a2201009 a 4500
=001  012088769
=003  Uk
=005  20221231144323.0
=006  m\\\\\\\\d\|\\\\\\
=007  cr||||||||||||
=008  020812c20029999enkqr\p\s\\\\\0\\\a0eng\\
=FMT  \\$a  SE
=015  \\$aGBA870100$2bnb
=022  0\$a1477-657X$y1476-6930$202
=037  \\$a???$bSpringer
=040  \\$aUk$beng$cUk$dUk
=042  \\$aukblsr$aissnuk
=082  04$a338.5205$222
=130  0\$aJournal of revenue and pricing management (Online)
=222  \0$aJournal of revenue and pricing management$b(Online)
=245  10$aJournal of revenue and pricing management$h[electronic resource].
=260  \\$aLondon :$bHenry Stewart,$c2002-
=260  3\$32006-$aBasingstoke :$bPalgrave Macmillan
=310  \\$aQuarterly
=336  \\$atext$2rdacontent
=337  \\$acomputer$2rdamedia
=338  \\$aonline resource$2rdacarrier
=362  1\$aVol. 1, no. 1 (2002)-
=500  \\$aTitle from contents screen (publisher's Web site (viewed on 24th May 2008).
=538  \\$aMode of access: World Wide Web.
=595  \\$aSee also Serial Records.
=540  \\$aCurrent copyright fee: GBP29.95$c22\1$5Uk
=650  \0$aRevenue management$vPeriodicals.
=650  \0$aPricing$vPeriodicals.
=690  7\$aManagement and Business Studies$2blcoll
=776  0\$tJournal of revenue and pricing management$x1476-6930
=856  \\$31850-9999$uhttp://www.palgrave.com/home/index.asp$xBLDSS
=856  40$uhttp://www.palgrave-journals.com/rpm/index.html
=859  \\$aELD$bejournal
=859  \\$aXLD$bejournal
=852  41$aBritish Library$bDSC$j5052.046000$3Volume 7:Issue 1(2008)-Volume 10:Issue 6(2011)***See ESTAR for full holdings.
=852  41$aBritish Library$bHMNTS$jELD Digital store$3Volume 15:Issue 5(2016)-***Previous issues available in print copy
=945  \\$aJournal of revenue and pricing management
=959  \\$fHeld but not currently received
=985  \\$aCONFERENCE ANALYTIC RECORDS EXIST
=CAT  \\$aCONV$b00$c20040425$lBLL90$h0850
=CAT  \\$a5552$b40$c20080603$lBLL01$h1334
=CAT  \\$a5997$b40$c20080605$lBLL01$h1121
=CAT  \\$a3072$b40$c20080718$lBLL01$h1342
=CAT  \\$a8464$b40$c20080724$lBLL01$h1148
=CAT  \\$aBATCH$b00$c20090610$lBLL01$h1705
=CAT  \\$aBATCH-UPD$b00$c20100818$lBLL01$h1552
=CAT  \\$aIPL-CLA$c20100930$lBLL01$h1520
=CAT  \\$aCDS12-UPD$b40$c20111212$lBLL01$h1841
=CAT  \\$a8342$b40$c20120910$lBLL01$h1239
=CAT  \\$aWR14_140$c20140905$lBLL01$h1757
=CAT  \\$aBLDSS-3PM$b00$c20160620$lBLL01$h1456
=CAT  \\$aBATCH-UPD$b00$c20160620$lBLL01$h1457
=CAT  \\$aBATCH-UPD$b00$c20171121$lBLL01$h1712
=CAT  \\$aIPL-CLA$c20171231$lBLL01$h1607
=CAT  \\$a14412$b40$c20180119$lBLL01$h1226
=CAT  \\$a14412$b40$c20180119$lBLL01$h1227
=CAT  \\$aBATCH-UPD$b40$c20180223$lBLL01$h1819
=CAT  \\$aIPL-CLA$c20180331$lBLL01$h1613
=CAT  \\$aBATCH-UPD$b00$c20180524$lBLL01$h1738
=CAT  \\$aIPL-CLA$c20180630$lBLL01$h1913
=CAT  \\$aBATCH-UPD$b00$c20180704$lBLL01$h0023
=CAT  \\$aW1908-0780$b00$c20200730$lBLL01$h1322
=CAT  \\$aCDS21$c20220118$lBLL01$h1104
=CAT  \\$aBATCH-UPD$b00$c20221121$lBLL01$h1358
=CAT  \\$aIPL-CLA$c20221231$lBLL01$h1443
=CFI  0\$aCurrent copyright fee: GBP29.95$c22\1$e01-jan-2023$fGBP29.95$g0$hP$5Uk
=CFI  2\$aPrevious copyright fee: GBP34.00$c22\1$e01-jul-2018$fGBP34.00$g0$hP$5Uk
=EST  \\$a1
=FFP  \\$aY$bBLDSS-3PM
=FIN  \\$aY
=LEO  \\$aMP22.0000069310
=MNI  \\$a1476-6930
=SRC  \\$aISN01$bbibmp22.200404.2.aa
=TCO  \\$aCLA$bCLA$c008
=TOC  \\$aETOC
=UNO  \\$aY
=ACF  \\$aPrevious Copyright Fee: GBP17.50$c39\0$e24-jul-2008$fGBP17.50$g0$hP$5Uk
=ACF  \\$aPrevious copyright fee: GBP22.00$c39\0$e01-oct-2010$fGBP22.00$g0$hP$5Uk
=ACF  \\$aPrevious copyright fee: GBP30.74$c39\0$e01-jan-2018$fGBP30.74$g0$hP$5Uk
=ACF  \\$aPrevious copyright fee: GBP28.54$c39\0$e01-apr-2018$fGBP28.54$g0$hP$5Uk
=LAS  \\$aIPL-CLA$b00$c20221231$lBLL01$h1443

