=LDR  03863cas a2200985 i 4500
=001  012088814
=003  Uk
=005  20221231144323.0
=006  m\\\\\\\\d\\\\\\\\
=007  cr\|||||||||||
=008  030728c20039999enkqr\p\s\\\\\0\\\a0eng\\
=FMT  \\$a  SE
=015  \\$aGBA872316$2bnb
=022  0\$a1477-822X$y1477-8211$202
=037  \\$a???$bSpringer
=040  \\$aUk$beng$cUk$dUk
=042  \\$aukblsr$aissnuk
=082  04$a306.461$222
=130  0\$aSocial theory & health (Online)
=222  \0$aSocial theory & health$b(Online)
=245  10$aSocial theory & health$h[electronic resource] :$bSTH.
=246  30$aSTH
=246  3\$aSocial theory and health
=260  \\$aBasingstoke :$bPalgrave Macmillan,$c2003-
=310  \\$aQuarterly
=336  \\$atext$2rdacontent
=337  \\$acomputer$2rdamedia
=338  \\$aonline resource$2rdacarrier
=362  1\$aBegan with vol. 1, no. 1 (May 2003).
=500  \\$aDescription based on journal information screen on publisher's web site (viewed on 31st May 2008).
=538  \\$aMode of access: World Wide Web.
=540  \\$aCurrent copyright fee: GBP29.95$c22\1$5Uk
=650  \0$aHealth$xSocial aspects$vPeriodicals.
=690  7\$aSocial Welfare$2blcoll
=776  0\$tSocial theory & health$x1477-8211
=856  \\$31850-9999$uhttp://www.palgrave.com/home/index.asp$xBLDSS
=856  40$uhttp://www.palgrave-journals.com/sth/index.html
=859  \\$aELD$bejournal
=859  \\$aXLD$bejournal
=852  41$aBritish Library$bDSC$j8318.217790$3Volume 6:Issue 1(2008)-Volume 9:Issue 4(2011)***See ESTAR for full holdings.
=852  41$aBritish Library$bHMNTS$jELD Digital store$3Volume 15:Issue 1(2017)-
=945  \\$aSocial theory and health
=959  \\$fHeld but not currently received
=CAT  \\$aCONV$b00$c20040425$lBLL90$h0850
=CAT  \\$a8464$b40$c20080728$lBLL01$h0931
=CAT  \\$aBATCH$b00$c20091210$lBLL01$h0648
=CAT  \\$aBATCH-UPD$b00$c20100818$lBLL01$h1552
=CAT  \\$aIPL-CLA$c20100930$lBLL01$h1520
=CAT  \\$aBATCH$b00$c20110625$lBLL01$h0457
=CAT  \\$aBATCH-SWP4$c20110627$lBLL01$h1536
=CAT  \\$aCDS12-UPD$b40$c20111212$lBLL01$h1841
=CAT  \\$aWR12_168$c20121206$lBLL01$h1814
=CAT  \\$aWR14_140$c20140905$lBLL01$h1757
=CAT  \\$aBLDSS-3PM$b00$c20160620$lBLL01$h1456
=CAT  \\$aBATCH-UPD$b00$c20160620$lBLL01$h1457
=CAT  \\$aBATCH-UPD$b00$c20171121$lBLL01$h1712
=CAT  \\$aIPL-CLA$c20171231$lBLL01$h1607
=CAT  \\$a6790$b40$c20180111$lBLL01$h1324
=CAT  \\$aBATCH-UPD$b40$c20180223$lBLL01$h1819
=CAT  \\$aIPL-CLA$c20180331$lBLL01$h1613
=CAT  \\$aBATCH-UPD$b00$c20180524$lBLL01$h1738
=CAT  \\$aIPL-CLA$c20180630$lBLL01$h1913
=CAT  \\$aBATCH-UPD$b00$c20180704$lBLL01$h0023
=CAT  \\$a5410$b40$c20200227$lBLL01$h1432
=CAT  \\$aW1908-0780$b00$c20200730$lBLL01$h1322
=CAT  \\$a5552$b40$c20200814$lBLL01$h1130
=CAT  \\$aCDS21$c20220118$lBLL01$h1104
=CAT  \\$aBATCH-UPD$b00$c20221121$lBLL01$h1358
=CAT  \\$aIPL-CLA$c20221231$lBLL01$h1443
=CFI  0\$aCurrent copyright fee: GBP29.95$c22\1$e01-jan-2023$fGBP29.95$g0$hP$5Uk
=CFI  2\$aPrevious copyright fee: GBP34.00$c22\1$e01-jul-2018$fGBP34.00$g0$hP$5Uk
=EST  \\$a1
=FFP  \\$aY$bBLDSS-3PM
=FIN  \\$aY
=LEO  \\$aMP22.0000069400
=MNI  \\$a1477-8211
=SRC  \\$aISN01$bbibmp22.200404.2.aa
=TCO  \\$aCLA$bCLA$c008
=TOC  \\$aETOC
=UNO  \\$aY
=ACF  \\$aPrevious Copyright Fee: GBP17.50$c39\0$e28-jul-2008$fGBP17.50$g0$hP$5Uk
=ACF  \\$aPrevious copyright fee: GBP22.00$c39\0$e01-oct-2010$fGBP22.00$g0$hP$5Uk
=ACF  \\$aPrevious copyright fee: GBP30.74$c39\0$e01-jan-2018$fGBP30.74$g0$hP$5Uk
=ACF  \\$aPrevious copyright fee: GBP28.54$c39\0$e01-apr-2018$fGBP28.54$g0$hP$5Uk
=LAS  \\$aIPL-CLA$b00$c20221231$lBLL01$h1443

