=LDR  03999cas a2200973 a 4500
=001  012089226
=003  Uk
=005  20221231144323.0
=006  m\\\\\\\\d\|\\\\\\
=007  cr||||||||||||
=008  021125c19969999enkqr\p\s\\\\\0\\\a0eng\\
=FMT  \\$a  SE
=015  \\$aGBA870084$2bnb
=022  0\$a1479-1846$y1363-0539$202
=037  \\$a???$bSpringer
=040  \\$aUk$beng$cUk$dUk
=042  \\$aukblsr$aissnuk
=082  04$a332.10688$222
=130  0\$aJournal of financial services marketing (Online)
=222  \0$aJournal of financial services marketing$b(Online)
=245  10$aJournal of financial services marketing$h[electronic resource].
=260  \\$aLondon :$bHenry Stewart
=260  3\$32006-$aBasingstoke :$bPalgrave Macmillan
=310  \\$aQuarterly
=336  \\$atext$2rdacontent
=337  \\$acomputer$2rdamedia
=338  \\$aonline resource$2rdacarrier
=362  1\$aPrint began with v. 1, no. 1 (1996).
=500  \\$aDescription based on journal information screen on publisher's web site (viewed on 24th May 2008).
=538  \\$aMode of access: World Wide Web.
=540  \\$aCurrent copyright fee: GBP29.95$c22\1$5Uk
=650  \0$aFinancial services industry$xMarketing$vPeriodicals.
=690  7\$aManagement and Business Studies$2blcoll
=776  0\$tJournal of financial services marketing$x1363-0539
=856  \\$31850-9999$uhttp://www.palgrave.com/home/index.asp$xBLDSS
=856  40$uhttp://www.palgrave-journals.com/fsm/index.html
=859  \\$aELD$bejournal
=859  \\$aXLD$bejournal
=852  41$aBritish Library$bHMNTS$jELD Digital store$3Volume 21:Issue 4(2016)-***Previous issues available in print copy
=852  41$aBritish Library$bDSC$j4984.265500$3Volume 12:Issue 4(2008)-Volume 16:Issue 2(2011)***See ESTAR for full holdings.
=945  \\$aJournal of financial services marketing
=959  \\$fHeld but not currently received
=CAT  \\$aCONV$b00$c20040425$lBLL90$h0850
=CAT  \\$a5997$b40$c20080605$lBLL01$h1136
=CAT  \\$a5997$b40$c20080605$lBLL01$h1539
=CAT  \\$a8323$b40$c20080716$lBLL01$h1135
=CAT  \\$a8464$b40$c20080722$lBLL01$h1119
=CAT  \\$aBATCH$b00$c20090610$lBLL01$h1705
=CAT  \\$aBATCH-UPD$b00$c20100818$lBLL01$h1552
=CAT  \\$aIPL-CLA$c20100930$lBLL01$h1521
=CAT  \\$aBATCH-UPD$b00$c20101221$lBLL01$h0848
=CAT  \\$aCDS12-UPD$b40$c20111212$lBLL01$h1841
=CAT  \\$aWR12_168$c20121206$lBLL01$h1814
=CAT  \\$aWR14_140$c20140905$lBLL01$h1757
=CAT  \\$aBLDSS-3PM$b00$c20160620$lBLL01$h1456
=CAT  \\$aBATCH-UPD$b00$c20160620$lBLL01$h1457
=CAT  \\$aBATCH-UPD$b00$c20171121$lBLL01$h1712
=CAT  \\$aIPL-CLA$c20171231$lBLL01$h1607
=CAT  \\$a14412$b40$c20180119$lBLL01$h0930
=CAT  \\$aBATCH-UPD$b40$c20180223$lBLL01$h1819
=CAT  \\$aIPL-CLA$c20180331$lBLL01$h1613
=CAT  \\$aBATCH-UPD$b00$c20180524$lBLL01$h1738
=CAT  \\$aIPL-CLA$c20180630$lBLL01$h1913
=CAT  \\$aBATCH-UPD$b00$c20180704$lBLL01$h0023
=CAT  \\$aW1908-0780$b00$c20200730$lBLL01$h1322
=CAT  \\$aCDS21$c20220118$lBLL01$h1104
=CAT  \\$aBATCH-UPD$b00$c20221121$lBLL01$h1358
=CAT  \\$aIPL-CLA$c20221231$lBLL01$h1443
=CFI  0\$aCurrent copyright fee: GBP29.95$c22\1$e01-jan-2023$fGBP29.95$g0$hP$5Uk
=CFI  2\$aPrevious copyright fee: GBP34.00$c22\1$e01-jul-2018$fGBP34.00$g0$hP$5Uk
=EST  \\$a1
=FFP  \\$aY$bBLDSS-3PM
=FIN  \\$aY
=LEO  \\$aMP22.0000070187
=MNI  \\$a1363-0539
=SRC  \\$aISN01$bbibmp22.200404.2.aa
=TCO  \\$aCLA$bCLA$c008
=TOC  \\$aETOC
=UNO  \\$aY
=ACF  \\$aPrevious Copyright Fee: GBP17.50$c39\0$e22-jul-2008$fGBP17.50$g0$hP$5Uk
=ACF  \\$aPrevious copyright fee: GBP22.00$c39\0$e01-oct-2010$fGBP22.00$g0$hP$5Uk
=ACF  \\$aPrevious copyright fee: GBP30.74$c39\0$e01-jan-2018$fGBP30.74$g0$hP$5Uk
=ACF  \\$aPrevious copyright fee: GBP28.54$c39\0$e01-apr-2018$fGBP28.54$g0$hP$5Uk
=LAS  \\$aIPL-CLA$b00$c20221231$lBLL01$h1443

