=LDR  04748cas a2201093 i 4500
=001  012089273
=003  Uk
=005  20221231144324.0
=006  m\\\\\\\\d\\\\\\\\
=007  cr\|||||||||||
=008  040407c20039999enkqr\p\s\\\\\0\\\a0eng\\
=FMT  \\$a  SE
=015  \\$aGBA872304$2bnb
=022  0\$a1479-294X$y1479-2931$202
=037  \\$a???$bSpringer
=040  \\$aUk$beng$cUk$dUk
=042  \\$aukblsr$aissnuk
=082  04$a387.5105$222
=130  0\$aMaritime economics & logistics (Online)
=222  \0$aMaritime economics & logistics$b(Online)
=245  10$aMaritime economics & logistics$h[electronic resource].
=246  30$aMaritime economics and logistics
=246  30$aMEL
=260  \\$aBasingstoke :$bPalgrave Macmillan,$c2003-
=264  31$32019-$a[London?] :$bSpringer Nature Limited
=310  \\$aQuarterly
=336  \\$atext$2rdacontent
=337  \\$acomputer$2rdamedia
=338  \\$aonline resource$2rdacarrier
=362  1\$aVol. 5, no. 1 (Mar. 2003)-
=500  \\$aTitle from contents screen (publisher's web site, viewed on 31st May 2008).
=500  \\$aFrom 2019 "published in cooperation with Palgrave Macmillan".
=538  \\$aMode of access: World Wide Web.
=580  \\$aWeb site also provides access to earlier title: International journal of maritime economics (Online).
=550  \\$aOfficial journal of the International Association of Maritime Economists.
=588  \\$aLatest issue consulted: volume 21 (March 2019) (SpringerLink, viewed May 21, 2019).
=540  \\$aCurrent copyright fee: GBP29.95$c22\1$5Uk
=650  \0$aShipping$xEconomic aspects$vPeriodicals.
=650  \0$aMerchant marine$xEconomic aspects$vPeriodicals.
=776  08$iAlso issued in print format:$tMaritime economics & logistics$x1479-2931
=710  2\$aInternational Association of Maritime Economists.
=780  10$tInternational journal of maritime economics$c(Online)$x1476-0592
=859  \\$aELD$bejournal
=856  \\$31850-9999$uhttp://www.palgrave.com/home/index.asp$xBLDSS
=856  40$uhttp://www.palgrave-journals.com/mel/index.html
=856  40$uhttps://link.springer.com/journal/41278
=859  \\$aXLD$bejournal
=852  41$aBritish Library$bHMNTS$jELD Digital store$3Volume 18:Issue 3(2016)-***Previous issues available in print copy
=852  41$aBritish Library$bDSC$j5371.352750$3Volume 10:Issue 1/2(2008)-Volume 13:Issue 4(2011)***See ESTAR for full holdings.
=945  \\$aMaritime economics and logistics
=959  \\$fHeld but not currently received
=CAT  \\$aCONV$b00$c20040425$lBLL90$h0850
=CAT  \\$aBATCH$b00$c20091210$lBLL01$h0648
=CAT  \\$aBATCH-UPD$b00$c20100818$lBLL01$h1552
=CAT  \\$aIPL-CLA$c20100930$lBLL01$h1521
=CAT  \\$aCDS12-UPD$b40$c20111212$lBLL01$h1841
=CAT  \\$a8456$b40$c20120810$lBLL01$h0918
=CAT  \\$aWR14_140$c20140905$lBLL01$h1757
=CAT  \\$aBLDSS-3PM$b00$c20160620$lBLL01$h1456
=CAT  \\$aBATCH-UPD$b00$c20160620$lBLL01$h1457
=CAT  \\$a8874$b40$c20161115$lBLL01$h1512
=CAT  \\$aBATCH-UPD$b40$c20171121$lBLL01$h1712
=CAT  \\$aIPL-CLA$c20171231$lBLL01$h1607
=CAT  \\$a14412$b40$c20180119$lBLL01$h1432
=CAT  \\$aBATCH-UPD$b40$c20180223$lBLL01$h1820
=CAT  \\$aIPL-CLA$c20180331$lBLL01$h1613
=CAT  \\$aBATCH-UPD$b00$c20180524$lBLL01$h1738
=CAT  \\$aIPL-CLA$c20180630$lBLL01$h1913
=CAT  \\$aBATCH-UPD$b00$c20180704$lBLL01$h0023
=CAT  \\$a3072$b40$c20190521$lBLL01$h1128
=CAT  \\$a3072$b40$c20190521$lBLL01$h1133
=CAT  \\$a3072$b40$c20190521$lBLL01$h1134
=CAT  \\$a3072$b40$c20190521$lBLL01$h1138
=CAT  \\$aW1908-0780$b00$c20200730$lBLL01$h1322
=CAT  \\$aCDS21$c20220118$lBLL01$h1104
=CAT  \\$aBATCH-UPD$b00$c20221121$lBLL01$h1358
=CAT  \\$aIPL-CLA$c20221231$lBLL01$h1443
=CFI  0\$aCurrent copyright fee: GBP29.95$c22\1$e01-jan-2023$fGBP29.95$g0$hP$5Uk
=CFI  2\$aPrevious copyright fee: GBP34.00$c22\1$e01-jul-2018$fGBP34.00$g0$hP$5Uk
=EST  \\$a1
=FFP  \\$aY$bBLDSS-3PM
=FIN  \\$aY
=LEO  \\$aMP22.0000070261
=LKR  \\$aPAR$b011751935$lBLL01$r776$mMaritime economics & logistics (Online)$nMaritime economics & logistics (Print)
=MNI  \\$a1479-2931
=SRC  \\$aISN01$bbibmp22.200404.2.aa
=TCO  \\$aCLA$bCLA$c008
=TOC  \\$aETOC
=UNO  \\$aY
=ACF  \\$aPrevious Copyright Fee: GBP17.50$c39\0$e24-jul-2008$fGBP17.50$g0$hP$5Uk
=ACF  \\$aPrevious copyright fee: GBP22.00$c39\0$e01-oct-2010$fGBP22.00$g0$hP$5Uk
=ACF  \\$aPrevious copyright fee: GBP30.74$c39\0$e01-jan-2018$fGBP30.74$g0$hP$5Uk
=ACF  \\$aPrevious copyright fee: GBP28.54$c39\0$e01-apr-2018$fGBP28.54$g0$hP$5Uk
=LAS  \\$aIPL-CLA$b00$c20221231$lBLL01$h1443

