=LDR  03914cas a2200973 a 4500
=001  012089650
=003  Uk
=005  20221231144324.0
=006  m\\\\\\\\d\|\\\\\\
=007  cr||||||||||||
=008  040407c20039999enkqr\p\s\\\\\0\\\a0eng\\
=FMT  \\$a  SE
=015  \\$aGBA867608$2bnb
=022  0\$a1740-388X$y1472-4790$202
=037  \\$a???$bSpringer
=040  \\$aUk$beng$cUk$dUk
=042  \\$aukblsr$aissnuk
=082  04$a320.309405$222
=130  0\$aComparative European politics (Online)
=222  \0$aComparative European politics$b(Online)
=245  10$aComparative European politics$h[electronic resource].
=246  3\$aCEP
=260  \\$aBasingstoke :$bPalgrave Macmillan,$c2003-
=336  \\$atext$2rdacontent
=337  \\$acomputer$2rdamedia
=338  \\$aonline resource$2rdacarrier
=362  0\$aVol. 1, no. 1 (Mar. 2003)-
=500  \\$aTitle from journal information screen on publisher's web site (viewed on 17th May 2008).
=538  \\$aMode of access: World Wide Web.
=540  \\$aCurrent copyright fee: GBP29.95$c22\1$5Uk
=610  20$aEuropean Union$vPeriodicals.
=650  \0$aComparative government$vPeriodicals.
=651  \0$aEurope$xPolitics and government$vPeriodicals.
=776  0\$tComparative European politics$x1472-4790
=859  \\$aELD$bejournal
=856  \\$31850-9999$uhttp://www.palgrave.com/home/index.asp$xBLDSS
=856  40$uhttp://www.palgrave-journals.com/cep/index.html
=859  \\$aXLD$bejournal
=852  41$aBritish Library$bDSC$j3363.780620$3Volume 6:Issue 1(2008)-Volume 9:Issue 4/5(2011)***See ESTAR for full holdings.
=852  41$aBritish Library$bHMNTS$jELD Digital store$3Volume 14:Issue 6(2016)-***Previous issues available in print copy
=945  \\$aComparative European politics
=959  \\$fHeld but not currently received
=CAT  \\$aCONV$b00$c20040425$lBLL90$h0850
=CAT  \\$a5552$b40$c20080603$lBLL01$h1334
=CAT  \\$a5997$b40$c20080605$lBLL01$h1205
=CAT  \\$a8323$b40$c20080715$lBLL01$h1308
=CAT  \\$a8323$b40$c20080715$lBLL01$h1428
=CAT  \\$a8323$b40$c20080715$lBLL01$h1442
=CAT  \\$a8464$b40$c20080721$lBLL01$h0955
=CAT  \\$aBATCH-UPD$b40$c20100818$lBLL01$h1552
=CAT  \\$aIPL-CLA$c20100930$lBLL01$h1521
=CAT  \\$aCDS12-UPD$b40$c20111212$lBLL01$h1841
=CAT  \\$aWR12_168$c20121206$lBLL01$h1814
=CAT  \\$aWR14_140$c20140905$lBLL01$h1757
=CAT  \\$aBLDSS-3PM$b00$c20160620$lBLL01$h1456
=CAT  \\$aBATCH-UPD$b00$c20160620$lBLL01$h1457
=CAT  \\$aBATCH-UPD$b00$c20171121$lBLL01$h1712
=CAT  \\$aIPL-CLA$c20171231$lBLL01$h1608
=CAT  \\$a14412$b40$c20180116$lBLL01$h1254
=CAT  \\$aBATCH-UPD$b40$c20180223$lBLL01$h1820
=CAT  \\$aIPL-CLA$c20180331$lBLL01$h1613
=CAT  \\$aBATCH-UPD$b00$c20180524$lBLL01$h1738
=CAT  \\$aIPL-CLA$c20180630$lBLL01$h1913
=CAT  \\$aBATCH-UPD$b00$c20180704$lBLL01$h0023
=CAT  \\$aW1908-0780$b00$c20200730$lBLL01$h1322
=CAT  \\$aCDS21$c20220118$lBLL01$h1104
=CAT  \\$aBATCH-UPD$b00$c20221121$lBLL01$h1358
=CAT  \\$aIPL-CLA$c20221231$lBLL01$h1443
=CFI  0\$aCurrent copyright fee: GBP29.95$c22\1$e01-jan-2023$fGBP29.95$g0$hP$5Uk
=CFI  2\$aPrevious copyright fee: GBP34.00$c22\1$e01-jul-2018$fGBP34.00$g0$hP$5Uk
=EST  \\$a1
=FFP  \\$aY$bBLDSS-3PM
=FIN  \\$aY
=LEO  \\$aMP22.0000070880
=MNI  \\$a1472-4790
=SRC  \\$aISN01$bbibmp22.200404.2.aa
=TCO  \\$aCLA$bCLA$c008
=TOC  \\$aETOC
=UNO  \\$aY
=ACF  \\$aPrevious Copyright Fee: GBP17.50$c39\0$e21-jul-2008$fGBP17.50$g0$hP$5Uk
=ACF  \\$aPrevious copyright fee: GBP22.00$c39\0$e01-oct-2010$fGBP22.00$g0$hP$5Uk
=ACF  \\$aPrevious copyright fee: GBP30.74$c39\0$e01-jan-2018$fGBP30.74$g0$hP$5Uk
=ACF  \\$aPrevious copyright fee: GBP28.54$c39\0$e01-apr-2018$fGBP28.54$g0$hP$5Uk
=LAS  \\$aIPL-CLA$b00$c20221231$lBLL01$h1443

