=LDR  05340cas a2201249 a 4500
=001  012432137
=003  Uk
=005  20221231144425.0
=006  m\\\\\\\\d\\\\\\\\
=007  cr\mnu||||||||
=008  021217c20029999enkqr\pss\\\\\0\\\a0eng\d
=FMT  \\$a  SE
=010  \\$a2004255395
=015  \\$aGBA907058$2bnb
=019  c\$a103001363
=022  0\$a1476-9328$202
=035  \\$a(OCoLC)51238374
=037  \\$bPalgrave Macmillan, Houndsmills, Basingstoke, Hants RG21 6XS, UK$a???$cNo price
=037  3\$a???$bSpringer
=040  \\$aF#A$cF#A$dOCLCQ$dF#A$dZCU$dHUL$dOCLCS$dDLC$dUQ1$dUk
=042  \\$aukblsr$aissnuk
=043  \\$aa------
=050  14$aHF3751
=082  04$a658.0095$222
=130  0\$aAsian business & management (Online)
=222  \0$aAsian business & management$b(Online)
=245  10$aAsian business & management$h[electronic resource].
=246  3\$aAsian business and management
=260  \\$a[Houndsmills, Basingstoke, Hants] :$bPalgrave Macmillan,$c2002-
=310  \\$aQuarterly
=336  \\$atext$2rdacontent
=337  \\$acomputer$2rdamedia
=338  \\$aonline resource$2rdacarrier
=362  0\$aVol. 1, no. 1 (Apr. 2002)-
=500  \\$aTitle from journal information screen (ABI/INFORM Global, viewed Aug. 30, 2004).
=530  \\$aAlso issued in print.
=538  \\$aMode of access: World Wide Web.
=595  \\$aPrint not selected for DSC.
=540  \\$aCurrent copyright fee: GBP29.95$c22\1$5Uk
=651  \0$aAsia$xCommerce$vPeriodicals.
=650  \0$aManagement$zAsia$vPeriodicals.
=690  7\$aManagement and Business Studies$2blcoll
=776  1\$tAsian business & management$x1472-4782
=859  \\$aELD$bejournal
=856  \\$31850-9999$uhttp://www.palgrave.com/home/index.asp$xBLDSS
=856  40$uhttp://www.palgrave-journals.com/abm/index.html
=859  \\$aXLD$bejournal
=852  41$aBritish Library$bDSC$j1742.403100$3mar-2004 VOL 3 PART 1-Volume 10:Issue 4(2011)***See ESTAR for full holdings.
=852  41$aBritish Library$bHMNTS$jELD Digital store$3Volume 15:Issue 5(2016)-***Previous issues available in print copy
=945  \\$aAsian business and management
=959  \\$fHeld but not currently received
=A02  \\$a103001363
=CAT  \\$aCONV$b00$c20040425$lBLL90$h0712
=CAT  \\$aBATCH$b00$c20090610$lBLL01$h1715
=CAT  \\$aBATCH$b00$c20091210$lBLL01$h2329
=CAT  \\$aBATCH$b00$c20091214$lBLL01$h0842
=CAT  \\$aBATCH$b00$c20091216$lBLL01$h0216
=CAT  \\$aBATCH-UPD$b00$c20100818$lBLL01$h1552
=CAT  \\$aIPL-CLA$c20100930$lBLL01$h1523
=CAT  \\$aCDS12-UPD$b40$c20111212$lBLL01$h1841
=CAT  \\$aBATCH-CLA$b00$c20121109$lBLL01$h1734
=CAT  \\$aWR12_168$c20121206$lBLL01$h1836
=CAT  \\$aBATCH-CLA$b00$c20140125$lBLL01$h1306
=CAT  \\$aBATCH-CLA$c20140225$lBLL01$h2318
=CAT  \\$aBLDSS-3PM$b00$c20160620$lBLL01$h1456
=CAT  \\$aBATCH-UPD$b00$c20160620$lBLL01$h1457
=CAT  \\$aBATCH-UPD$b00$c20171121$lBLL01$h1712
=CAT  \\$aIPL-CLA$c20171231$lBLL01$h1622
=CAT  \\$a14412$b40$c20180112$lBLL01$h1407
=CAT  \\$aBATCH-UPD$b40$c20180223$lBLL01$h1820
=CAT  \\$aIPL-CLA$c20180331$lBLL01$h1615
=CAT  \\$aBATCH-UPD$b00$c20180524$lBLL01$h1738
=CAT  \\$aIPL-CLA$c20180630$lBLL01$h1914
=CAT  \\$aBATCH-UPD$b00$c20180704$lBLL01$h0023
=CAT  \\$aW1908-0780$b00$c20200730$lBLL01$h1323
=CAT  \\$aCDS21$c20220118$lBLL01$h1104
=CAT  \\$aBATCH-UPD$b00$c20221121$lBLL01$h1359
=CAT  \\$aIPL-CLA$c20221231$lBLL01$h1444
=CFI  0\$aCurrent copyright fee: GBP29.95$c22\1$e01-jan-2023$fGBP29.95$g0$hP$5Uk
=CFI  2\$aPrevious copyright fee: GBP34.00$c22\1$e01-jul-2018$fGBP34.00$g0$hP$5Uk
=EST  \\$a1
=FFP  \\$aY$bBLDSS-3PM
=FIN  \\$aY
=LEO  \\$aMP22.0000068871
=LEO  \\$aMP10.0000629407
=LKR  \\$aPAR$b010468396$lBLL01$r776$mAsian business and management (Online)$nASIAN BUSINESS AND MANAGEMENT (Print)
=MNI  \\$a1472-4782
=SID  \\$aZ39$bOCLC
=SRC  \\$aISN01$bbibmp22.200404.2.aa
=SRC  \\$aDSS01$bbibmp10.200404.2.aa
=TCO  \\$aCLA$bCLA$c008
=TOC  \\$aETOC
=UNO  \\$aY
=ACF  \\$aPrevious copyright fee: GBP16.60$c16\0$e01-jan-2007$fGBP16.60$g0$hP$5Uk
=ACF  \\$aPrevious copyright fee: GBP16.22$c16\0$e01-oct-2006$fGBP16.22$g0$hP$5Uk
=ACF  \\$aPrevious copyright fee: GBP17.14$c16\0$e01-apr-2006$fGBP17.14$g0$hP$5Uk
=ACF  \\$aPrevious copyright fee: GBP16.67$c16\0$e01-jan-2006$fGBP16.67$g0$hP$5Uk
=ACF  \\$aPrevious copyright fee: GBP16.22$c16\0$e01-apr-2005$fGBP16.22$g0$hP$5Uk
=ACF  \\$aPrevious copyright fee: GBP16.67$c16\0$e01-jan-2005$fGBP16.67$g0$hP$5Uk
=ACF  \\$aPrevious copyright fee: GBP13.51$c16\0$e01-apr-2004$fGBP13.51$g0$hP$5Uk
=ACF  \\$aCurrent copyright fee: GBP14.71$c16\0$e16-feb-2004$fGBP14.71$g0$hP$5Uk
=ACF  \\$aCurrent copyright fee: GBP5.00$c0$e02-jul-2002$fGBP5.00$g0$hC$5Uk
=ACF  \\$aPrevious Copyright Fee: GBP17.50$c39\0$e01-jan-2008$fGBP17.50$g0$hP$5Uk
=ACF  \\$aPrevious copyright fee: GBP22.00$c39\0$e01-oct-2010$fGBP22.00$g0$hP$5Uk
=ACF  \\$aPrevious copyright fee: GBP30.74$c39\0$e01-jan-2018$fGBP30.74$g0$hP$5Uk
=ACF  \\$aPrevious copyright fee: GBP28.54$c39\0$e01-apr-2018$fGBP28.54$g0$hP$5Uk
=LAS  \\$aIPL-CLA$b00$c20221231$lBLL01$h1444

