=LDR  05882cas a2201261 i 4500
=001  012432309
=003  Uk
=005  20221231144427.0
=006  m\\\\\\\\d\\\\\\\\
=007  cr||||||||||||
=008  040410c20039999ne\mr\p\s\\\\\0\\\a0eng\\
=FMT  \\$a  SE
=019  c\$a103017848
=022  0\$a1573-1456
=037  \\$a???$bSpringer
=040  \\$aUk$beng$cUk$erda
=042  \\$aukblsr
=082  04$a624.1762$223
=222  \0$aBulletin of earthquake engineering$b(Online)
=245  00$aBulletin of earthquake engineering,
=260  \\$a[Dordrecht] :$b[Kluwer],$c[2003]-
=260  3\$3<2006-$a[Dordrecht] :$b[Springer]
=310  \\$aMonthly,$b2015-
=321  \\$aBimonthly,$b2010-2014
=321  \\$aQuarterly,$b2006-2009
=321  \\$aThree issues yearly,$b2003-2015
=336  \\$atext$2rdacontent
=337  \\$acomputer$2rdamedia
=338  \\$aonline resource$2rdacarrier
=362  1\$aBegan in 2003.
=550  \\$aOfficial publication of the European Association for Earthquake Engineering.
=588  \\$aDescription based on print version record.
=588  \\$aLatest issue consulted: volume 14, issue 8 (August 2016); SpringerLink, viewed July 18, 2016.
=540  \\$aCurrent copyright fee: GBP29.95$c22\1$5Uk
=650  \0$aEarthquake engineering$vPeriodicals.
=710  2\$aEuropean Association on Earthquake Engineering.
=776  08$iAlso issued in print as:$tBulletin of earthquake engineering$x1570-761X
=859  \\$aELD$bejournal
=856  \\$31850-9999$uhttp://www.springer.com/gb/$xBLDSS
=856  4\$uhttp://www.springer.com/earth+sciences+and+geography/environmental+science+%26+engineering/journal/10518/PSE
=859  \\$aXLD$bejournal
=852  41$aBritish Library$bDSC$j2849.613520$3Volume 1:Issue 1(2003)-Volume 16:Issue 4(2018)***See ESTAR for full holdings.
=852  41$aBritish Library$bHMNTS$jELD Digital store$3Volume 16:Issue 5(2018)-
=945  \\$aBULLETIN OF EARTHQUAKE ENGINEERING.
=959  \\$fHeld but not currently received
=979  \\$aBritish Library$bDSC$j2849.613520
=A02  \\$a103017848
=CAT  \\$aCONV$b00$c20040425$lBLL90$h0712
=CAT  \\$aBATCH-UPD$b00$c20150820$lBLL01$h1837
=CAT  \\$aIPL-CLA$c20150930$lBLL01$h1800
=CAT  \\$aBATCH-UPD$b00$c20160217$lBLL01$h1727
=CAT  \\$aIPL-CLA$c20160331$lBLL01$h1721
=CAT  \\$aBATCH-UPD$b00$c20160524$lBLL01$h2209
=CAT  \\$aBATCH-UPD$b00$c20160525$lBLL01$h0012
=CAT  \\$a11205$b40$c20160718$lBLL01$h1152
=CAT  \\$aBATCH-UPD$b40$c20160824$lBLL01$h1754
=CAT  \\$aIPL-CLA$c20160930$lBLL01$h1558
=CAT  \\$aBATCH-UPD$b00$c20170216$lBLL01$h1842
=CAT  \\$aIPL-CLA$c20170331$lBLL01$h1840
=CAT  \\$aBATCH-UPD$b00$c20170904$lBLL01$h1851
=CAT  \\$aIPL-CLA$c20170929$lBLL01$h1724
=CAT  \\$aBATCH-UPD$b00$c20180223$lBLL01$h1719
=CAT  \\$aIPL-CLA$c20180331$lBLL01$h1615
=CAT  \\$aW1805-0475$c20180520$lBLL01$h1631
=CAT  \\$aBATCH-UPD$b00$c20180524$lBLL01$h1713
=CAT  \\$aIPL-CLA$c20180630$lBLL01$h1914
=CAT  \\$aW1908-0780$b00$c20200730$lBLL01$h1323
=CAT  \\$a15190$b40$c20201009$lBLL01$h1606
=CAT  \\$a15190$b40$c20201009$lBLL01$h1607
=CAT  \\$aCDS21$c20220118$lBLL01$h1104
=CAT  \\$aBATCH-UPD$b00$c20221121$lBLL01$h1359
=CAT  \\$a5410$b40$c20221222$lBLL01$h1530
=CAT  \\$aIPL-CLA$c20221231$lBLL01$h1444
=CFI  0\$aCurrent copyright fee: GBP29.95$c22\1$e01-jan-2023$fGBP29.95$g0$hP$5Uk
=CFI  2\$aPrevious copyright fee: GBP34.00$c22\1$e01-jul-2018$fGBP34.00$g0$hP$5Uk
=EST  \\$a1
=FFP  \\$aY$bBLDSS-3PM
=FIN  \\$aY
=LEO  \\$aMP10.0000629579
=LET  \0$aBulletin of earthquake engineering (Electronic)
=LKR  \\$aPAR$b011735858$lBLL01$nBulletin of earthquake engineering (Print)$mBulletin of earthquake engineering (Online)$r776
=MNI  \\$a1570-761X
=SRC  \\$aDSS01$bbibmp10.200404.2.aa
=TCO  \\$aNLD$bSTICHTING REPRORECHT$c008
=TOC  \\$aETOC
=UNO  \\$aY
=ACF  \\$aPrevious Copyright Fee: GBP16.67$c22\3$e08-feb-2006$fGBP16.67$g0$hP$5Uk
=ACF  \\$aPrevious Copyright Fee: GBP16.67$c13\1$e01-jan-2006$fGBP16.67$g0$hP$5Uk
=ACF  \\$aPrevious copyright fee: GBP16.22$c13\1$e01-apr-2005$fGBP16.22$g0$hP$5Uk
=ACF  \\$aPrevious copyright fee: GBP16.67$c13\1$e01-jan-2005$fGBP16.67$g0$hP$5Uk
=ACF  \\$aPrevious copyright fee: GBP13.51$c13\1$e01-apr-2004$fGBP13.51$g0$hP$5Uk
=ACF  \\$aCurrent copyright fee: GBP14.71$c13\1$e01-jan-2004$fGBP14.71$g0$hP$5Uk
=ACF  \\$aCurrent copyright fee: GBP15.63$c13\1$e07-aug-2003$fGBP15.63$g0$hP$5Uk
=ACF  \\$aPrevious copyright fee: GBP17.14$c22\3$e01-apr-2006$fGBP17.14$g0$hP$5Uk
=ACF  \\$aPrevious copyright fee: GBP22.00$c22\3$e12-aug-2012$fGBP22.00$g0$hP$5Uk
=ACF  \\$aPrevious copyright fee: GBP25.00$c22\3$e01-jan-2013$fGBP25.00$g0$hP$5Uk
=ACF  \\$aPrevious copyright fee: GBP25.77$c22\3$e01-jul-2013$fGBP25.77$g0$hP$5Uk
=ACF  \\$aPrevious copyright fee: GBP24.97$c22\3$e01-jan-2014$fGBP24.97$g0$hP$5Uk
=ACF  \\$aPrevious copyright fee: GBP24.21$c22\3$e01-jul-2014$fGBP24.21$g0$hP$5Uk
=ACF  \\$aPrevious copyright fee: GBP25.77$c22\3$e01-apr-2015$fGBP25.77$g0$hP$5Uk
=ACF  \\$aPrevious copyright fee: GBP26.63$c22\3$e01-jul-2015$fGBP26.63$g0$hP$5Uk
=ACF  \\$aPrevious copyright fee: GBP25.77$c22\3$e01-oct-2015$fGBP25.77$g0$hP$5Uk
=ACF  \\$aPrevious copyright fee: GBP27.55$c22\3$e01-apr-2016$fGBP27.55$g0$hP$5Uk
=ACF  \\$aPrevious copyright fee: GBP29.59$c22\3$e01-oct-2016$fGBP29.59$g0$hP$5Uk
=ACF  \\$aPrevious copyright fee: GBP31.96$c22\3$e01-apr-2017$fGBP31.96$g0$hP$5Uk
=ACF  \\$aPrevious copyright fee: GBP30.73$c22\3$e01-oct-2017$fGBP30.73$g0$hP$5Uk
=ACF  \\$aPrevious copyright fee: GBP28.54$c22\3$e01-apr-2018$fGBP28.54$g0$hP$5Uk
=LAS  \\$aIPL-CLA$b00$c20221231$lBLL01$h1444

