=LDR  06730cas a2201477 a 4500
=001  012432744
=003  Uk
=005  20230208201047.0
=006  m\\\\fo\\d\\\\\\\\
=007  cr\un|||||||||
=008  001026c19869999at\bx\pso\\\\\0\\\a0eng\c
=FMT  \\$a  SE
=010  \\$a   00242286 
=019  c\$a102317272
=022  \\$a1440-1703
=035  \\$a(OCoLC)45231994$z(OCoLC)42256925
=037  \\$aISSN_09123814_2$bPortico$nWiley
=040  \\$aMYG$beng$cMYG$dOCLCQ$dCUS$dF#A$dOCLCQ$dUQ1$dOCLCQ$dMYG$dOCLCQ$dOCLCF$dOCLCO$dUk
=042  \\$aukblsr
=043  \\$aa-ja---
=050  14$aQH540$b.E275
=082  04$a577.05$223
=130  0\$aEcological research (Online)
=222  \0$aEcological research$b(Internet)
=245  10$aEcological research$h[electronic resource].
=260  \\$a[Carlton South, Vic., Australia] :$bBlackwell Science
=264  21$aTokyo :$bSpringer Japan
=264  31$32019-$aMilton, QLD :$bJohn Wiley & Sons Australia, Ltd.
=310  \\$aSix issues yearly
=321  \\$aFour issues yearly
=336  \\$atext$2rdacontent
=337  \\$acomputer$2rdamedia
=338  \\$aonline resource$2rdacarrier
=362  1\$aPrint began with vol. 1, no. 1 (Apr. 1986).
=595  \\$aFormerly in 4651.7.
=530  \\$aAlso issued in print.
=538  \\$aMode of access: World Wide Web.
=550  \\$aOfficial journal of the Ecological Society of Japan.
=588  \\$aDescription based on: Vol. 14, issue 1 (Apr. 1999); title from table of contents page (Blackwell-Synergy, viewed Oct. 25, 2000).
=588  \\$aLatest issue consulted: volume 34, issue 5 (September 2019) (Wiley Online Library, viewed September 26, 2019).
=540  \\$aCurrent Copyright Fee: GBP32.00$c35\0$5Uk
=650  \0$aEcology$vPeriodicals.
=650  \0$aEcology$zJapan$vPeriodicals.
=650  17$aÉcologie.$2rasuqam
=651  \7$aJapon.$2rasuqam
=650  \7$aEcology.$2fast$0(OCoLC)fst00901476
=651  \7$aJapan.$2fast$0(OCoLC)fst01204082
=655  \7$aRessource Internet (Descripteur de forme)$2rasuqam
=655  \7$aPériodique électronique (Descripteur de forme)$2rasuqam
=655  \7$aPeriodicals.$2fast$0(OCoLC)fst01411641
=710  2\$aNihon Seitai Gakkai.
=776  1\$tEcological research$x0912-3814
=859  \\$aELD$bejournal
=856  \\$31850-9999$uhttp://www.springer.com/gb/$xBLDSS
=856  40$uhttps://esj-journals.onlinelibrary.wiley.com/journal/14401703
=859  \\$aXLD$bejournal
=852  41$aBritish Library$bHMNTS$jELD Digital store$3Volume 28:Issue 1(2013)-
=852  41$aBritish Library$bDSC$j3649.100000$3Volume 12:Issue 1(1997)-Volume 33:Issue 2(2018)***See ESTAR for full holdings.
=945  \\$aEcological research
=959  \\$fHeld but not currently received
=979  \\$aBritish Library$bDSC$j3649.100000
=A02  \\$a102317272
=CAT  \\$aCONV$b00$c20040425$lBLL90$h0712
=CAT  \\$aBATCH-UPD$b00$c20160824$lBLL01$h1809
=CAT  \\$aIPL-CLA$c20160930$lBLL01$h1558
=CAT  \\$aBATCH-UPD$b00$c20170216$lBLL01$h1858
=CAT  \\$aIPL-CLA$c20170331$lBLL01$h1840
=CAT  \\$aBATCH-UPD$b00$c20170904$lBLL01$h1909
=CAT  \\$aIPL-CLA$c20170929$lBLL01$h1724
=CAT  \\$aBATCH-UPD$b00$c20180223$lBLL01$h1742
=CAT  \\$aIPL-CLA$c20180331$lBLL01$h1615
=CAT  \\$aW1805-0475$c20180520$lBLL01$h1631
=CAT  \\$aBATCH-UPD$b00$c20180524$lBLL01$h1727
=CAT  \\$aIPL-CLA$c20180630$lBLL01$h1914
=CAT  \\$a5552$b40$c20181130$lBLL01$h1423
=CAT  \\$aIPL-CLA$c20181231$lBLL01$h1539
=CAT  \\$a14412$b40$c20190108$lBLL01$h1342
=CAT  \\$a14586$b40$c20190405$lBLL01$h1410
=CAT  \\$a10983$b40$c20190701$lBLL01$h1317
=CAT  \\$a5110$b40$c20190723$lBLL01$h1130
=CAT  \\$a10806$b40$c20190925$lBLL01$h1413
=CAT  \\$a10806$b40$c20190926$lBLL01$h0802
=CAT  \\$aR1911-0245$c20191127$lBLL01$h0822
=CAT  \\$aR1911-0245$c20191127$lBLL01$h1045
=CAT  \\$aIPL-CLA$c20191231$lBLL01$h1922
=CAT  \\$aW1908-0780$b00$c20200730$lBLL01$h1323
=CAT  \\$a11033$b40$c20200803$lBLL01$h1211
=CAT  \\$a5410$b40$c20230208$lBLL01$h2010
=CFI  0\$aCurrent Copyright Fee: GBP32.00$c35\0$e01-jan-2020$fGBP32.00$g0$hP$5Uk
=CFI  2\$aPrevious Copyright Fee: GBP28.00$c35\0$e01-jan-2019$fGBP28.00$g0$hP$5Uk
=EST  \\$a1
=FFP  \\$aY$bBLDSS-3PM
=FIN  \\$aY
=LEO  \\$aMP10.0000630014
=LKR  \\$aPAR$b007845476$lBLL01$r776$mEcological research (Online)$nEcological research (Print)
=MNI  \\$a0912-3814
=SID  \\$aZ39$bOCLC
=SRC  \\$aDSS01$bbibmp10.200404.2.aa
=TCO  \\$aAUS$bCAL$c008
=TCO  \\$aJPN$bJAACC$c008
=TOC  \\$aETOC
=UNO  \\$aY
=ACF  \\$aPrevious copyright fee: GBP21.25$c23\3$e01-jan-2009$fGBP21.25$g0$hP$5Uk
=ACF  \\$aPrevious copyright fee: GBP16.75$c23\3$e01-jan-2007$fGBP16.75$g0$hP$5Uk
=ACF  \\$aPrevious copyright fee: GBP16.22$c23\3$e01-oct-2006$fGBP16.22$g0$hP$5Uk
=ACF  \\$aPrevious copyright fee: GBP17.14$c23\3$e01-apr-2006$fGBP17.14$g0$hP$5Uk
=ACF  \\$aPrevious copyright fee: GBP16.67$c23\3$e01-jan-2005$fGBP16.67$g0$hP$5Uk
=ACF  \\$aPrevious copyright fee: GBP15.00$c10\0$e01-apr-2004$fGBP15.00$g0$hP$5Uk
=ACF  \\$aCurrent copyright fee: GBP13.00$c10\0$e01-apr-2003$fGBP13.00$g0$hP$5Uk
=ACF  \\$aCurrent copyright fee: GBP13.00$c10\3$e01-jan-2002$fGBP13.00$g0$hP$5Uk
=ACF  \\$aPrevious copyright fee: GBP22.00$c23\3$e01-apr-2009$fGBP22.00$g0$hP$5Uk
=ACF  \\$aPrevious copyright fee: GBP22.00$c23\3$e12-aug-2012$fGBP22.00$g0$hP$5Uk
=ACF  \\$aPrevious copyright fee: GBP25.00$c23\3$e01-jan-2013$fGBP25.00$g0$hP$5Uk
=ACF  \\$aPrevious copyright fee: GBP25.77$c23\3$e01-jul-2013$fGBP25.77$g0$hP$5Uk
=ACF  \\$aPrevious copyright fee: GBP24.97$c23\3$e01-jan-2014$fGBP24.97$g0$hP$5Uk
=ACF  \\$aPrevious copyright fee: GBP24.21$c23\3$e01-jul-2014$fGBP24.21$g0$hP$5Uk
=ACF  \\$aPrevious copyright fee: GBP25.77$c23\3$e01-apr-2015$fGBP25.77$g0$hP$5Uk
=ACF  \\$aPrevious copyright fee: GBP26.63$c23\3$e01-jul-2015$fGBP26.63$g0$hP$5Uk
=ACF  \\$aPrevious copyright fee: GBP25.77$c23\3$e01-oct-2015$fGBP25.77$g0$hP$5Uk
=ACF  \\$aPrevious copyright fee: GBP27.55$c23\3$e01-apr-2016$fGBP27.55$g0$hP$5Uk
=ACF  \\$aPrevious copyright fee: GBP29.59$c23\3$e01-oct-2016$fGBP29.59$g0$hP$5Uk
=ACF  \\$aPrevious copyright fee: GBP31.96$c23\3$e01-apr-2017$fGBP31.96$g0$hP$5Uk
=ACF  \\$aPrevious copyright fee: GBP30.73$c23\3$e01-oct-2017$fGBP30.73$g0$hP$5Uk
=ACF  \\$aPrevious copyright fee: GBP28.54$c23\3$e01-apr-2018$fGBP28.54$g0$hP$5Uk
=ACF  \\$aPrevious copyright fee: GBP34.00$c22\1$e01-jul-2018$fGBP34.00$g0$hP$5Uk
=LAS  \\$a5410$b40$c20230208$lBLL01$h2010

