=LDR  05600cas a2201273 a 4500
=001  012433590
=003  Uk
=005  20221231144434.0
=006  m\\\\\o\\d\\\\\\\\
=007  cr||||||||||||
=008  980506c19959999enkqr\p\o\\\\\0\\\a0eng\c
=FMT  \\$a  SE
=010  \\$a  2005233940
=019  c\$a102525927
=022  \\$a1468-5876
=035  \\$a(OCoLC)39071102
=037  \\$aISSN_13524739$bPortico$nWiley
=037  \\$a???$bSpringer
=040  \\$aOCoLC$beng$cOCoLC$dOCoLC$dGU$dOCoLC$dCaQMUQ$dOCoLC$dCLU$dOCoLC$dOCLCO$dOCoLC$dUk
=042  \\$aukblsr
=050  14$aHB9
=082  04$a330$223
=130  0\$aJapanese economic review (Oxford, England : Online)
=210  0\$aJpn. econ. rev.$b(Oxf., Online)
=222  \0$aJapanese economic review$b(Oxford. Online)
=245  14$aThe Japanese economic review$h[electronic resource].
=260  \\$a[Oxford] :$bBlackwell Publishers
=264  21$aChichester :$bJohn Wiley & Sons, Ltd
=264  31$32020-$a[Switzerland?] :$bSpringer
=310  \\$aQuarterly
=336  \\$atext$2rdacontent
=337  \\$acomputer$2rdamedia
=338  \\$aonline resource$2rdacarrier
=362  1\$aPrint began with v. 46, no. 1 (Mar. 1995).
=595  \\$aFORMERLY 3655.8 UP TO VOL. 45, 1994.
=550  \\$aPublished on behalf of Japan Association of Economics and Econometrics, -1997; and: the Japanese Economic Association, 1998-.
=588  \\$aDescription based on: Vol. 48, issue 1 (Mar. 1997); title from contents screen (Blackwell Synergy, viewed May 12, 2005).
=588  \\$aLatest issue consulted: volume 72, issue 1 (January 2021) (SpringerLink, viewed January 21, 2021).
=540  \\$aCurrent copyright fee: GBP29.95$c22\1$5Uk
=690  7\$aManagement and Business Studies$2blcoll
=650  \0$aEconomics$vPeriodicals.
=710  2\$aNihon Keizai Gakkai.
=710  2\$aRiron Keiryō Keizai Gakkai.
=776  08$iPrint version:$tJapanese economic review (Oxford, England)$x1352-4739
=780  00$tEconomic studies quarterly
=859  \\$aELD$bejournal
=856  \\$31850-9999$uhttp://onlinelibrary.wiley.com/$xBLDSS
=856  40$uhttps://www.springer.com/journal/42973
=856  40$uhttp://onlinelibrary.wiley.com/journal/10.1111/(ISSN)1468-5876/issues
=856  40$uhttp://www.blackwell-synergy.com/servlet/useragent?func=showIssues&code=jere
=859  \\$aXLD$bejournal
=852  41$aBritish Library$bDSC$j4650.762700$3mar-2003 VOL 54 PART 1-Volume 62:Issue 4(2011)***See ESTAR for full holdings.
=852  41$aBritish Library$bHMNTS$jELD Digital store$3Volume 64:Number 1(2013:Mar.)-***Previous issues available in print copy
=945  \\$aJAPANESE ECONOMIC REVIEW -OXFORD-.
=959  \\$fHeld but not currently received
=963  \\$aVOL. 46, 1995- *A=1$bN$cL220.B.1247
=985  \\$aCorrected by BSS-generated file for WR# 08/157
=985  \\$aCorrected by MS generated file for WR# 12.018
=985  \\$aISSN responsibility transferred to U.S. ISSN Center from ISSN UK Centre, Wiley, Multinational Publisher List, Summer 2017.
=A02  \\$a102525927
=CAT  \\$aCONV$b00$c20040425$lBLL90$h0713
=CAT  \\$aBATCH-CLA$b00$c20140125$lBLL01$h1306
=CAT  \\$aWR14_009$c20140204$lBLL01$h2344
=CAT  \\$aBATCH-CLA$c20140225$lBLL01$h2319
=CAT  \\$aBLDSS-3PM$b00$c20141214$lBLL01$h1521
=CAT  \\$aBATCH-UPD$b00$c20150215$lBLL01$h1623
=CAT  \\$aIPL-CLA$c20150228$lBLL01$h2046
=CAT  \\$aBATCH-UPD$b00$c20160624$lBLL01$h1648
=CAT  \\$aW1703-0316$c20170306$lBLL01$h1823
=CAT  \\$aW1703-0316$c20170307$lBLL01$h1647
=CAT  \\$aIPL-CLA$c20170307$lBLL01$h1823
=CAT  \\$a10973$b40$c20170913$lBLL01$h1139
=CAT  \\$aW1711-1005$c20171206$lBLL01$h1815
=CAT  \\$aBATCH-UPD$b00$c20180219$lBLL01$h1745
=CAT  \\$aBATCH-UPD$b00$c20181121$lBLL01$h1620
=CAT  \\$aIPL-CLA$c20181231$lBLL01$h1540
=CAT  \\$a15005$b40$c20191210$lBLL01$h1044
=CAT  \\$aBATCH-UPD$b40$c20200219$lBLL01$h1540
=CAT  \\$aIPL-CLA$c20200331$lBLL01$h1612
=CAT  \\$aW1908-0780$b00$c20200730$lBLL01$h1324
=CAT  \\$a5552$b40$c20200819$lBLL01$h0857
=CAT  \\$a5552$b40$c20200819$lBLL01$h0908
=CAT  \\$a8483$b40$c20210121$lBLL01$h1451
=CAT  \\$aCDS21$c20220118$lBLL01$h1104
=CAT  \\$aBATCH-UPD$b00$c20221121$lBLL01$h1359
=CAT  \\$aIPL-CLA$c20221231$lBLL01$h1444
=CFI  0\$aCurrent copyright fee: GBP29.95$c22\1$e01-jan-2023$fGBP29.95$g0$hP$5Uk
=CFI  2\$aPrevious copyright fee: GBP34.00$c22\1$e19-aug-2020$fGBP34.00$g0$hP$5Uk
=EST  \\$a1
=FFP  \\$aY$bBLDSS-3PM
=FIN  \\$aY
=LEO  \\$aMP10.0000630860
=LEO  \\$aMP22.0000062697
=MNI  \\$a1352-4739
=SRC  \\$aDSS01$bbibmp10.200404.2.aa
=SRC  \\$aBLL02
=SRC  \\$aISN01$bbibmp22.200404.2.aa
=TCO  \\$aCLA$bCLA$c008
=TOC  \\$aETOC
=UNO  \\$aY
=ACF  \\$aCurrent copyright fee: GBP13.00$c10\0$e01-apr-2003$fGBP13.00$g0$hP$5Uk
=ACF  \\$aCurrent copyright fee: GBP13.00$c10\6$e01-apr-2002$fGBP13.00$g0$hP$5Uk
=ACF  \\$aPrevious copyright fee: GBP15.00$c10\0$e01-apr-2004$fGBP15.00$g0$hP$5Uk
=ACF  \\$aPrevious copyright fee: GBP22.00$c10\0$e01-jan-2006$fGBP22.00$g0$hP$5Uk
=ACF  \\$aPrevious copyright fee: GBP24.00$c10\0$e01-mar-2015$fGBP24.00$g0$hP$5Uk
=ACF  \\$aPrevious copyright fee: GBP24.00$c35\0$e07-mar-2017$fGBP24.00$g0$hP$5Uk
=ACF  \\$aPrevious copyright fee: GBP32.00$c35\0$e01-apr-2020$fGBP32.00$g0$hP$5Uk
=ACF  \\$aPrevious copyright fee: GBP28.00$c35\0$e01-jan-2019$fGBP28.00$g0$hP$5Uk
=LAS  \\$aIPL-CLA$b00$c20221231$lBLL01$h1444

