=LDR  05924cas a2201285 a 4500
=001  012433876
=003  Uk
=005  20230703130326.0
=006  m\\\\\o\\d\\\\\\\\
=007  cr\mnu||||||||
=008  040410c19929999njubr\pso\\\\\0\\\a0eng\\
=FMT  \\$a  SE
=019  c\$a102450502
=019  0\$as668088001
=022  \\$a1573-3599$l1059-7700$y1059-7700
=037  \\$aISSN_10597700_2$bPortico$nWiley
=040  \\$aUk$cUk$dUk
=082  04$a616.042$223
=130  0\$aJournal of genetic counseling (Online)
=222  \0$aJournal of genetic counseling$b(Online)
=245  10$aJournal of genetic counseling$h[electronic resource].
=260  \\$a[New York, N.Y.] :$bSpringer
=264  31$32019-$a[Hoboken, N.J.?] :$bWiley Periodicals, Inc.
=310  \\$aBimonthly
=321  \\$aQuarterly
=336  \\$atext$2rdacontent
=337  \\$acomputer$2rdamedia
=338  \\$aonline resource$2rdacarrier
=362  1\$aPrint began with vol. 1, no. 1 (Mar. 1992).
=538  \\$aMode of access: World Wide Web.
=550  \\$aPublished for the National Society of Genetic Counselors, Inc.
=588  \\$aLatest issue consulted: volume 28, number 4 (August 2019) (Wiley Online Library, viewed September 26, 2019).
=540  \\$aCurrent copyright fee: GBP39.00$c35\0$5Uk
=650  \0$aGenetic counseling$vPeriodicals.
=710  2\$aNational Society of Genetic Counselors (U.S.)
=776  08$iPrint version:$tJournal of genetic counseling$x1059-7700
=856  \\$31850-9999$uhttp://www.springer.com/gb/$xBLDSS
=856  40$uhttps://onlinelibrary.wiley.com/journal/15733599
=859  \\$aELD$bejournal
=859  \\$aXLD$bejournal
=852  41$aBritish Library$bHMNTS$jELD Digital store$3Volume 22:Issue 1(2013)-
=852  41$aBritish Library$bDSC$j4989.700000$3Volume 6:Issue 1(1997)-Volume 27:Issue 2(2018)***See ESTAR for full holdings.
=945  \\$aJournal of genetic counseling
=959  \\$fHeld but not currently received
=979  \\$aBritish Library$bDSC$j4989.700000
=985  \\$aCONFERENCE ANALYTIC RECORDS EXIST
=985  \\$aCorrected by MS generated file for WR# 12.018
=CAT  \\$aCONV$b00$c20040425$lBLL90$h0713
=CAT  \\$aBATCH-UPD$b00$c20170216$lBLL01$h1925
=CAT  \\$aIPL-CLA$c20170331$lBLL01$h1841
=CAT  \\$aBATCH-UPD$b00$c20170904$lBLL01$h1947
=CAT  \\$aIPL-CLA$c20170929$lBLL01$h1725
=CAT  \\$aBATCH-UPD$b00$c20180223$lBLL01$h1826
=CAT  \\$aIPL-CLA$c20180331$lBLL01$h1615
=CAT  \\$aW1805-0475$c20180520$lBLL01$h1631
=CAT  \\$aBATCH-UPD$b00$c20180524$lBLL01$h1743
=CAT  \\$aIPL-CLA$c20180630$lBLL01$h1914
=CAT  \\$a5552$b40$c20181214$lBLL01$h1405
=CAT  \\$aIPL-CLA$c20181231$lBLL01$h1540
=CAT  \\$a15005$b40$c20190108$lBLL01$h1100
=CAT  \\$a5552$b40$c20190116$lBLL01$h0908
=CAT  \\$a10983$b40$c20190121$lBLL01$h0959
=CAT  \\$a10983$b40$c20190523$lBLL01$h1553
=CAT  \\$a10806$b40$c20190926$lBLL01$h0817
=CAT  \\$aR1911-0245$c20191127$lBLL01$h0822
=CAT  \\$aR1911-0245$c20191127$lBLL01$h1045
=CAT  \\$aIPL-CLA$c20191231$lBLL01$h1922
=CAT  \\$aW1908-0780$b00$c20200730$lBLL01$h1324
=CAT  \\$a11033$b40$c20200803$lBLL01$h1212
=CAT  \\$aW2111-0842$c20211208$lBLL01$h1942
=CAT  \\$aIPL-CLA$c20211231$lBLL01$h1542
=CAT  \\$a5410$b40$c20230703$lBLL01$h1302
=CAT  \\$a5410$b40$c20230703$lBLL01$h1303
=CFI  0\$aCurrent copyright fee: GBP39.00$c35\0$e01-jan-2022$fGBP39.00$g0$hP$5Uk
=CFI  2\$aPrevious Copyright Fee: GBP32.00$c35\0$e01-jan-2020$fGBP32.00$g0$hP$5Uk
=EST  \\$a1
=FFP  \\$aY$bBLDSS-3PM
=FIN  \\$aY
=LEO  \\$aMP10.0000631146
=LEO  \\$aMP25.0000349008
=MNI  \\$a1059-7700
=SRC  \\$aSRI01$bbibmp25.200404.2.aa
=SRC  \\$aDSS01$bbibmp10.200404.2.aa
=TCO  \\$aNLD$bSTICHTING REPRORECHT$c008
=TOC  \\$aETOC
=UNO  \\$aY
=ACF  \\$aPrevious copyright fee: GBP16.67$c4\2$e01-jan-2006$fGBP16.67$g0$hP$5Uk
=ACF  \\$aPrevious copyright fee: GBP16.22$c4\2$e01-apr-2005$fGBP16.22$g0$hP$5Uk
=ACF  \\$aPrevious copyright fee: GBP16.67$c4\2$e01-jan-2005$fGBP16.67$g0$hP$5Uk
=ACF  \\$aPrevious copyright fee: GBP13.51$c4\2$e01-apr-2004$fGBP13.51$g0$hP$5Uk
=ACF  \\$aCurrent copyright fee: GBP14.71$c4\2$e01-jan-2004$fGBP14.71$g0$hP$5Uk
=ACF  \\$aCurrent copyright fee: GBP15.63$c4\2$e01-jan-2003$fGBP15.63$g0$hP$5Uk
=ACF  \\$aPrevious copyright fee: GBP17.14$c4\2$e01-apr-2006$fGBP17.14$g0$hP$5Uk
=ACF  \\$aPrevious copyright fee: GBP22.00$c4\2$e12-aug-2012$fGBP22.00$g0$hP$5Uk
=ACF  \\$aPrevious copyright fee: GBP25.00$c4\2$e01-jan-2013$fGBP25.00$g0$hP$5Uk
=ACF  \\$aPrevious copyright fee: GBP25.77$c4\2$e01-jul-2013$fGBP25.77$g0$hP$5Uk
=ACF  \\$aPrevious copyright fee: GBP24.97$c4\2$e01-jan-2014$fGBP24.97$g0$hP$5Uk
=ACF  \\$aPrevious copyright fee: GBP24.21$c4\2$e01-jul-2014$fGBP24.21$g0$hP$5Uk
=ACF  \\$aPrevious copyright fee: GBP25.77$c4\2$e01-apr-2015$fGBP25.77$g0$hP$5Uk
=ACF  \\$aPrevious copyright fee: GBP26.63$c4\2$e01-jul-2015$fGBP26.63$g0$hP$5Uk
=ACF  \\$aPrevious copyright fee: GBP25.77$c4\2$e01-oct-2015$fGBP25.77$g0$hP$5Uk
=ACF  \\$aPrevious copyright fee: GBP27.55$c4\2$e01-apr-2016$fGBP27.55$g0$hP$5Uk
=ACF  \\$aPrevious copyright fee: GBP29.59$c4\2$e01-oct-2016$fGBP29.59$g0$hP$5Uk
=ACF  \\$aPrevious copyright fee: GBP31.96$c4\2$e01-apr-2017$fGBP31.96$g0$hP$5Uk
=ACF  \\$aPrevious copyright fee: GBP30.73$c4\2$e01-oct-2017$fGBP30.73$g0$hP$5Uk
=ACF  \\$aPrevious copyright fee: GBP28.54$c4\2$e01-apr-2018$fGBP28.54$g0$hP$5Uk
=ACF  \\$aPrevious Copyright Fee: GBP17.50$c0$e01-jan-2019$fGBP17.50$g0$hA$5Uk
=ACF  \\$aPrevious copyright fee: GBP34.00$c22\1$e01-jul-2018$fGBP34.00$g0$hP$5Uk
=ACF  \\$aPrevious Copyright Fee: GBP28.00$c35\0$e16-jan-2019$fGBP28.00$g0$hP$5Uk
=LAS  \\$a5410$b40$c20230703$lBLL01$h1303

