=LDR  06324cas a2201357 a 4500
=001  012433996
=003  Uk
=005  20221231144438.0
=006  m\\\\\o\\d\\\\\\\\
=007  cr\|||||||||||
=008  000602c19779999nyubr\pso\\\\\0\\\a0eng\c
=FMT  \\$a  SE
=010  \\$a  2008233307
=019  c\$a102094389
=022  \\$a1573-689X$y0148-5598
=037  \\$a???$bSpringer
=040  \\$aF#A$beng$cF#A$dOCLCQ$dOH1$dMUQ$dOCL$dGUA$dYUS$dOCLCQ$dBUF$dUk
=042  \\$aukblsr
=050  14$aR858.A1
=082  04$a362.102854$223
=130  0\$aJournal of medical systems (Online)
=222  \0$aJournal of medical systems$b(Online)
=245  10$aJournal of medical systems$h[electronic resource].
=260  \\$a[New York, N.Y.] :$bKluwer Academic-Plenum-Human Sciences Press
=260  3\$3Oct. 2004- :$a[New York] :$bSpringer US
=310  \\$aBimonthly
=336  \\$atext$2rdacontent
=337  \\$acomputer$2rdamedia
=338  \\$aonline resource$2rdacarrier
=362  1\$aPrint began in 1977.
=515  \\$aHas some supplements.
=538  \\$aMode of access: World Wide Web.
=588  \\$aDescription based on: Vol. 21, no. 1 (Feb. 1997); title from contents screen (SpringerLink, viewed Feb. 29, 2008).
=588  \\$aLatest issue consulted: volume 38 (2014) (viewed November 11, 2014).
=540  \\$aCurrent copyright fee: GBP34.95$c22\1$5Uk
=650  \0$aMedicine$xData processing$vPeriodicals.
=650  \0$aInformation storage and retrieval systems$xMedicine$vPeriodicals.
=650  \0$aSystem analysis$vPeriodicals.
=690  7\$aSocial Welfare$2blcoll
=776  08$iPrint version:$tJournal of medical systems$x0148-5598
=859  \\$aELD$bejournal
=856  \\$31850-9999$uhttp://www.springer.com/gb/$xBLDSS
=856  40$uhttp://link.springer.com/journal/10916
=856  40$uhttp://www.springerlink.com/content/104921/
=859  \\$aXLD$bejournal
=852  41$aBritish Library$bDSC$j5017.088000$3Volume 21:Issue 1(1997)-Volume 42:Issue 5(2018)***See ESTAR for full holdings.
=852  41$aBritish Library$bHMNTS$jELD Digital store$3Volume 42:Issue 1(2018)-
=945  \\$aJournal of medical systems.
=959  \\$fHeld but not currently received
=979  \\$aBritish Library$bDSC$j5017.088000
=A02  \\$a102094389
=CAT  \\$aCONV$b00$c20040425$lBLL90$h0713
=CAT  \\$aIPL-CLA$c20150930$lBLL01$h1800
=CAT  \\$aBATCH-UPD$b00$c20160217$lBLL01$h1857
=CAT  \\$aIPL-CLA$c20160331$lBLL01$h1721
=CAT  \\$aBATCH-UPD$b00$c20160519$lBLL01$h0920
=CAT  \\$aBATCH-UPD$b00$c20160524$lBLL01$h2156
=CAT  \\$aBATCH-UPD$b00$c20160824$lBLL01$h1916
=CAT  \\$aIPL-CLA$c20160930$lBLL01$h1559
=CAT  \\$aBATCH-UPD$b00$c20170216$lBLL01$h2001
=CAT  \\$aIPL-CLA$c20170331$lBLL01$h1841
=CAT  \\$aBATCH-UPD$b00$c20170904$lBLL01$h2032
=CAT  \\$aIPL-CLA$c20170929$lBLL01$h1725
=CAT  \\$aBATCH-UPD$b00$c20180223$lBLL01$h1931
=CAT  \\$aIPL-CLA$c20180331$lBLL01$h1615
=CAT  \\$aW1805-0475$c20180520$lBLL01$h1631
=CAT  \\$aBATCH-UPD$b00$c20180524$lBLL01$h1811
=CAT  \\$aIPL-CLA$c20180630$lBLL01$h1914
=CAT  \\$aW1908-0780$b00$c20200730$lBLL01$h1325
=CAT  \\$a15190$b40$c20210223$lBLL01$h1100
=CAT  \\$a5552$b40$c20210818$lBLL01$h1106
=CAT  \\$aIPL-CLA$c20210930$lBLL01$h1527
=CAT  \\$aCDS21$c20220118$lBLL01$h1104
=CAT  \\$aBATCH-UPD$b00$c20221121$lBLL01$h1410
=CAT  \\$a5410$b40$c20221220$lBLL01$h1411
=CAT  \\$a5410$b40$c20221223$lBLL01$h1246
=CAT  \\$aIPL-CLA$c20221231$lBLL01$h1444
=CFI  0\$aCurrent copyright fee: GBP34.95$c22\1$e01-jan-2023$fGBP34.95$g0$hP$5Uk
=CFI  2\$aPrevious copyright fee: GBP43.00$c22\1$e01-oct-2021$fGBP43.00$g0$hP$5Uk
=EST  \\$a1
=FFP  \\$aY$bBLDSS-3PM
=FIN  \\$aY
=LEO  \\$aMP10.0000631266
=LKR  \\$aPAR$b010490782$lBLL01$r776$mJournal of medical systems (Online)$nJournal of medical systems (Print)
=MNI  \\$a0148-5598
=SID  \\$aZ39$bOCLC
=SRC  \\$aDSS01$bbibmp10.200404.2.aa
=TCO  \\$aTRS$bCCC$c008
=TOC  \\$aETOC
=UNO  \\$aY
=ACF  \\$aPrevious copyright fee: GBP21.25$c4\4$e01-jan-2009$fGBP21.25$g0$hP$5Uk
=ACF  \\$aPrevious copyright fee: GBP16.75$c4\4$e01-jan-2007$fGBP16.75$g0$hP$5Uk
=ACF  \\$aPrevious copyright fee: GBP16.22$c4\4$e01-oct-2006$fGBP16.22$g0$hP$5Uk
=ACF  \\$aPrevious copyright fee: GBP17.14$c4\4$e01-apr-2006$fGBP17.14$g0$hP$5Uk
=ACF  \\$aPrevious copyright fee: GBP16.67$c4\4$e01-jan-2006$fGBP16.67$g0$hP$5Uk
=ACF  \\$aPrevious copyright fee: GBP16.22$c4\4$e01-apr-2005$fGBP16.22$g0$hP$5Uk
=ACF  \\$aPrevious copyright fee: GBP16.67$c4\4$e01-jan-2005$fGBP16.67$g0$hP$5Uk
=ACF  \\$aPrevious copyright fee: GBP13.51$c4\4$e01-apr-2004$fGBP13.51$g0$hP$5Uk
=ACF  \\$aCurrent copyright fee: GBP14.71$c4\4$e01-jan-2004$fGBP14.71$g0$hP$5Uk
=ACF  \\$aCurrent copyright fee: GBP15.63$c4\4$e01-jan-2003$fGBP15.63$g0$hP$5Uk
=ACF  \\$aPrevious copyright fee: GBP22.00$c4\4$e01-apr-2009$fGBP22.00$g0$hP$5Uk
=ACF  \\$aPrevious copyright fee: GBP22.00$c4\4$e12-aug-2012$fGBP22.00$g0$hP$5Uk
=ACF  \\$aPrevious copyright fee: GBP25.00$c4\4$e01-jan-2013$fGBP25.00$g0$hP$5Uk
=ACF  \\$aPrevious copyright fee: GBP25.77$c4\4$e01-jul-2013$fGBP25.77$g0$hP$5Uk
=ACF  \\$aPrevious copyright fee: GBP24.97$c4\4$e01-jan-2014$fGBP24.97$g0$hP$5Uk
=ACF  \\$aPrevious copyright fee: GBP24.21$c4\4$e01-jul-2014$fGBP24.21$g0$hP$5Uk
=ACF  \\$aPrevious copyright fee: GBP25.77$c4\4$e01-apr-2015$fGBP25.77$g0$hP$5Uk
=ACF  \\$aPrevious copyright fee: GBP26.63$c4\4$e01-jul-2015$fGBP26.63$g0$hP$5Uk
=ACF  \\$aPrevious copyright fee: GBP25.77$c4\4$e01-oct-2015$fGBP25.77$g0$hP$5Uk
=ACF  \\$aPrevious copyright fee: GBP27.55$c4\4$e01-apr-2016$fGBP27.55$g0$hP$5Uk
=ACF  \\$aPrevious copyright fee: GBP29.59$c4\4$e01-oct-2016$fGBP29.59$g0$hP$5Uk
=ACF  \\$aPrevious copyright fee: GBP31.96$c4\4$e01-apr-2017$fGBP31.96$g0$hP$5Uk
=ACF  \\$aPrevious copyright fee: GBP30.73$c4\4$e01-oct-2017$fGBP30.73$g0$hP$5Uk
=ACF  \\$aPrevious copyright fee: GBP28.54$c4\4$e01-apr-2018$fGBP28.54$g0$hP$5Uk
=ACF  \\$aPrevious copyright fee: GBP34.00$c22\1$e01-jul-2018$fGBP34.00$g0$hP$5Uk
=LAS  \\$aIPL-CLA$b00$c20221231$lBLL01$h1444

