=LDR  04117cas a2201009 a 4500
=001  012905577
=003  Uk
=005  20221231144523.0
=006  m\\\\\\\\d\|\\\\\\
=007  cr||||||||||||
=008  040427c19859999enkqr\p\s\\\\\0\\\a0eng\\
=FMT  \\$a  SE
=015  \\$aGBA867606$2bnb
=022  0\$a1478-3320$y0888-7233$202
=037  \\$a???$bSpringer
=040  \\$aUk$beng$cUk
=042  \\$aukblsr$aissnuk
=082  04$a338.9$222
=130  0\$aComparative economic studies (Online)
=210  0\$aComp. econ. stud.$b(Online)
=222  \0$aComparative economic studies$b(Online)
=245  10$aComparative economic studies$h[electronic resource].
=260  \\$aBasingstoke :$bPalgrave Macmillan
=310  \\$aQuarterly
=336  \\$atext$2rdacontent
=337  \\$acomputer$2rdamedia
=338  \\$aonline resource$2rdacarrier
=362  1\$aPrint began with v. 27, no. 1 (1985).
=500  \\$aDescription based on journal information screen on publisher's web site (viewed on 17th May 2008).
=538  \\$aMode of access: World Wide Web.
=530  \\$aAlso issued in print format.
=540  \\$aCurrent copyright fee: GBP29.95$c22\1$5Uk
=651  \0$aCommunist countries$xEconomic conditions$vPeriodicals.
=650  \0$aComparative economics$vPeriodicals.
=690  7\$aManagement and Business Studies$2blcoll
=710  2\$aAssociation for Comparative Economic Studies (U.S.)
=776  1\$tComparative economic studies$x0888-7233
=859  \\$aELD$bejournal
=856  \\$31850-9999$uhttp://www.palgrave.com/home/index.asp$xBLDSS
=856  40$uhttp://www.palgrave-journals.com/ces/index.html
=859  \\$aXLD$bejournal
=852  41$aBritish Library$bDSC$j3363.758000$3Volume 50:Issue 1(2008)-Volume 53:Issue 4(2011)***See ESTAR for full holdings.
=852  41$aBritish Library$bHMNTS$jELD Digital store$3Volume 58:Issue 3(2016)-***Previous issues available in print copy
=945  \\$aComparative economic studies
=959  \\$fHeld but not currently received
=985  \\$aCONFERENCE ANALYTIC RECORDS EXIST
=CAT  \\$a11439$b40$c20040427$lTMP01$h1130
=CAT  \\$a8464$b40$c20080721$lBLL01$h0907
=CAT  \\$a6537$b40$c20080903$lBLL01$h1246
=CAT  \\$a3072$b40$c20090122$lBLL01$h1554
=CAT  \\$aBATCH$b00$c20090611$lBLL01$h1709
=CAT  \\$aBATCH-UPD$b00$c20100818$lBLL01$h1552
=CAT  \\$aIPL-CLA$c20100930$lBLL01$h1526
=CAT  \\$aCDS12-UPD$b40$c20111212$lBLL01$h1841
=CAT  \\$a6162$b40$c20121004$lBLL01$h1536
=CAT  \\$aWR12_168$c20121206$lBLL01$h1815
=CAT  \\$aBATCH-CLA$b00$c20130526$lBLL01$h1657
=CAT  \\$aWR14_140$c20140905$lBLL01$h1805
=CAT  \\$aBLDSS-3PM$b00$c20160620$lBLL01$h1456
=CAT  \\$aBATCH-UPD$b00$c20160620$lBLL01$h1457
=CAT  \\$aBATCH-UPD$b00$c20171121$lBLL01$h1712
=CAT  \\$aIPL-CLA$c20171231$lBLL01$h1630
=CAT  \\$a14412$b40$c20180116$lBLL01$h1238
=CAT  \\$aBATCH-UPD$b40$c20180223$lBLL01$h1820
=CAT  \\$aIPL-CLA$c20180331$lBLL01$h1617
=CAT  \\$aBATCH-UPD$b00$c20180524$lBLL01$h1739
=CAT  \\$aIPL-CLA$c20180630$lBLL01$h1915
=CAT  \\$aBATCH-UPD$b00$c20180704$lBLL01$h0023
=CAT  \\$aW1908-0780$b00$c20200730$lBLL01$h1326
=CAT  \\$aCDS21$c20220118$lBLL01$h1104
=CAT  \\$aBATCH-UPD$b00$c20221121$lBLL01$h1359
=CAT  \\$aIPL-CLA$c20221231$lBLL01$h1445
=CFI  0\$aCurrent copyright fee: GBP29.95$c22\1$e01-jan-2023$fGBP29.95$g0$hP$5Uk
=CFI  2\$aPrevious copyright fee: GBP34.00$c22\1$e01-jul-2018$fGBP34.00$g0$hP$5Uk
=EST  \\$a1
=FFP  \\$aY$bBLDSS-3PM
=FIN  \\$aY$d20060328
=MNI  \\$a0888-7233
=TCO  \\$aCLA$bCLA$c008
=TCO  \\$aTRS$bCCC$c008
=TOC  \\$aETOC
=UNO  \\$aY
=ACF  \\$aPrevious Copyright Fee: GBP17.50$c39\0$e21-jul-2008$fGBP17.50$g0$hP$5Uk
=ACF  \\$aPrevious copyright fee: GBP22.00$c39\0$e01-oct-2010$fGBP22.00$g0$hP$5Uk
=ACF  \\$aPrevious copyright fee: GBP30.74$c39\0$e01-jan-2018$fGBP30.74$g0$hP$5Uk
=ACF  \\$aPrevious copyright fee: GBP28.54$c39\0$e01-apr-2018$fGBP28.54$g0$hP$5Uk
=LAS  \\$aIPL-CLA$b00$c20221231$lBLL01$h1445

