=LDR  04146cas a2201033 a 4500
=001  012917119
=003  Uk
=005  20221231144528.0
=006  m\\\\\\\\d\\\\\\\\
=007  cr\mnu||||||||
=008  030916c20039999enkqr\pss\\\\\0\\\a0eng\d
=FMT  \\$a  SE
=015  \\$aGBA905770$2bnb
=022  0\$a1476-3443$y1476-3435$202
=035  \\$a(OCoLC)53032902
=037  \\$a???$bSpringer
=040  \\$aSYB$cSYB$dOCLCQ$dOCL$dOCLCQ$dOCLCS$dDLC$dUk
=042  \\$aissnuk$aukblsr
=050  14$aE184.S75$bL38
=082  04$a305.8468$222
=130  0\$aLatino studies (Online)
=222  \0$aLatino studies$b(Online)
=245  10$aLatino studies$h[electronic resource].
=260  \\$aBasingstoke :$bPalgrave Macmillan,$cc2003-
=310  \\$aQuarterly,$b2006-
=321  \\$aThree issues per year,$b2003-2005
=336  \\$atext$2rdacontent
=337  \\$acomputer$2rdamedia
=338  \\$aonline resource$2rdacarrier
=362  0\$aVol. 1, issue 1 (Mar. 2003)-
=500  \\$aTitle from title screen (viewed Sept. 16, 2003).
=530  \\$aAlso issued in print.
=540  \\$aCurrent copyright fee: GBP29.95$c22\1$5Uk
=650  \0$aHispanic Americans$vPeriodicals.
=650  \0$aHispanic Americans$xEthnic identity$vPeriodicals.
=650  \0$aHispanic Americans$xSocial conditions$vPeriodicals.
=651  \0$aUnited States$xEthnic relations$vPeriodicals.
=690  7\$aSocial Welfare$2blcoll
=776  1\$tLatino studies$x1476-3435
=856  \\$31850-9999$uhttp://www.palgrave.com/home/index.asp$xBLDSS
=856  40$uhttp://www.palgrave-journals.com/lst/archive/index.html
=859  \\$aELD$bejournal
=859  \\$aXLD$bejournal
=852  41$aBritish Library$bHMNTS$jELD Digital store$3Volume 14:Issue 4(2016)-***Previous issues available in print copy
=852  41$aBritish Library$bDSC$j5160.235520$3Volume 6:Issue 1/2(2008)-Volume 8 Issue 4 (2010)***Access via link to publisher website 2020
=945  \\$aLatino studies
=959  \\$fHeld but not currently received
=CAT  \\$a11313$b40$c20040514$lTMP01$h0914
=CAT  \\$a3072$b40$c20090120$lBLL01$h1637
=CAT  \\$a3072$b40$c20090120$lBLL01$h1638
=CAT  \\$aISSN$b40$c20090218$lBLL01$h1106
=CAT  \\$aBATCH-UPD$b40$c20100818$lBLL01$h1552
=CAT  \\$aIPL-CLA$c20100930$lBLL01$h1526
=CAT  \\$a12654$b40$c20110302$lBLL01$h1124
=CAT  \\$a8323$b40$c20110330$lBLL01$h1315
=CAT  \\$a8323$b40$c20110330$lBLL01$h1320
=CAT  \\$aBATCH$b00$c20110625$lBLL01$h0508
=CAT  \\$aBATCH-SWP4$c20110627$lBLL01$h1550
=CAT  \\$aBATCH-CLA$b00$c20121109$lBLL01$h1731
=CAT  \\$aBLDSS-3PM$b00$c20160620$lBLL01$h1456
=CAT  \\$aBATCH-UPD$b00$c20160620$lBLL01$h1457
=CAT  \\$aBATCH-UPD$b00$c20171121$lBLL01$h1712
=CAT  \\$aIPL-CLA$c20171231$lBLL01$h1631
=CAT  \\$a14412$b40$c20180119$lBLL01$h1238
=CAT  \\$aBATCH-UPD$b40$c20180223$lBLL01$h1820
=CAT  \\$aIPL-CLA$c20180331$lBLL01$h1617
=CAT  \\$aBATCH-UPD$b00$c20180524$lBLL01$h1739
=CAT  \\$aIPL-CLA$c20180630$lBLL01$h1915
=CAT  \\$aBATCH-UPD$b00$c20180704$lBLL01$h0023
=CAT  \\$aW1908-0780$b00$c20200730$lBLL01$h1326
=CAT  \\$aCDS21$c20220118$lBLL01$h1104
=CAT  \\$aBATCH-UPD$b00$c20221121$lBLL01$h1359
=CAT  \\$aIPL-CLA$c20221231$lBLL01$h1445
=CFI  0\$aCurrent copyright fee: GBP29.95$c22\1$e01-jan-2023$fGBP29.95$g0$hP$5Uk
=CFI  2\$aPrevious copyright fee: GBP34.00$c22\1$e01-jul-2018$fGBP34.00$g0$hP$5Uk
=EST  \\$a1
=FFP  \\$aY$bBLDSS-3PM
=FIN  \\$aY$d20090120
=MNI  \\$a1476-3435
=SID  \\$aZ39$bOCLC
=TCO  \\$aCLA$bCLA$c008
=TOC  \\$aETOC
=UNO  \\$aY
=ACF  \\$aBritish Library not licensed to copy$c0$e01-oct-2004$hC$iCLA Excluded$5Uk
=ACF  \\$aPrevious copyright fee: GBP17.50$c39\0$e18-nov-2008$fGBP17.50$g0$hP$5Uk
=ACF  \\$aPrevious copyright fee: GBP22.00$c39\0$e01-oct-2010$fGBP22.00$g0$hP$5Uk
=ACF  \\$aPrevious copyright fee: GBP30.74$c39\0$e01-jan-2018$fGBP30.74$g0$hP$5Uk
=ACF  \\$aPrevious copyright fee: GBP28.54$c39\0$e01-apr-2018$fGBP28.54$g0$hP$5Uk
=LAS  \\$aIPL-CLA$b00$c20221231$lBLL01$h1445

