=LDR  04266cas a2201009 a 4500
=001  012921030
=003  Uk
=005  20230801153157.0
=006  m\\\\\\\\d\|\\\\\\
=007  cr||||||||||||
=008  040520c19969999enkqn\p\s\\\\\0\\\a0eng\\
=FMT  \\$a  SE
=015  \\$aGBA867626$2bnb
=022  0\$a1740-3898$y1384-5748$202
=037  \\$a???$bSpringer
=040  \\$aUk$beng$cUk$dUk
=042  \\$aukblsr$aissnuk
=082  04$a327.1$222
=130  0\$aInternational politics (Online)
=222  \0$aInternational politics$b(Online)
=245  10$aInternational politics$h[electronic resource].
=246  30$aIP
=260  \\$aLondon :$bKluwer Law International,$c2003-
=260  3\$aBasingstoke :$bPalgrave Macmillan
=310  \\$aFive times a year
=336  \\$atext$2rdacontent
=337  \\$acomputer$2rdamedia
=338  \\$aonline resource$2rdacarrier
=362  1\$aPrint began with v. 33, no. 1 (Mar. 1996).
=500  \\$aDescription based on journal information screen on publisher's web site (viewed on 17th May 2008).
=538  \\$aMode of access: World Wide Web.
=540  \\$aCurrent copyright fee: GBP29.95$c22\1$5Uk
=588  \\$aLatest issue consulted: volume 60, issue 4 (August 2023); Palgrave Macmillan, viewed August 1, 2023.
=650  \0$aInternational relations$vPeriodicals.
=776  0\$tInternational politics$x1384-5748
=780  01$tInternational politics reviews$x2050-2990
=856  \\$31850-9999$uhttp://www.palgrave.com/home/index.asp$xBLDSS
=856  40$uhttp://www.palgrave-journals.com/ip/index.html
=856  40$uhttp://www.palgrave.com/gp/journal/41311
=859  \\$aELD$bejournal
=859  \\$aXLD$bejournal
=852  41$aBritish Library$bHMNTS$jELD Digital store$3Volume 53:Issue 5(2016)-***Previous issues available in print copy
=852  41$aBritish Library$bDSC$j4544.965250$3Volume 45:Issue 1(2008)-Volume 48:Issue 6(2011)***See ESTAR for full holdings.
=945  \\$aInternational politics -Dordrecht then Basingstoke-
=959  \\$fHeld but not currently received
=CAT  \\$a8483$b40$c20040520$lTMP01$h1311
=CAT  \\$a8323$b40$c20080716$lBLL01$h1123
=CAT  \\$a8464$b40$c20080721$lBLL01$h1611
=CAT  \\$a8464$b40$c20080722$lBLL01$h1532
=CAT  \\$aBATCH-UPD$b40$c20100818$lBLL01$h1552
=CAT  \\$aIPL-CLA$c20100930$lBLL01$h1526
=CAT  \\$aBATCH-UPD$b00$c20101221$lBLL01$h0848
=CAT  \\$aCDS12-UPD$b40$c20111212$lBLL01$h1841
=CAT  \\$aWR12_168$c20121206$lBLL01$h1815
=CAT  \\$aWR14_140$c20140905$lBLL01$h1805
=CAT  \\$aBLDSS-3PM$b00$c20160620$lBLL01$h1456
=CAT  \\$aBATCH-UPD$b00$c20160620$lBLL01$h1457
=CAT  \\$aBATCH-UPD$b00$c20171121$lBLL01$h1712
=CAT  \\$aIPL-CLA$c20171231$lBLL01$h1631
=CAT  \\$a14412$b40$c20180119$lBLL01$h0819
=CAT  \\$a5552$b40$c20180219$lBLL01$h1153
=CAT  \\$aBATCH-UPD$b40$c20180219$lBLL01$h1704
=CAT  \\$aBATCH-UPD$b40$c20180223$lBLL01$h1703
=CAT  \\$aIPL-CLA$c20180331$lBLL01$h1617
=CAT  \\$aBATCH-UPD$b00$c20180524$lBLL01$h1708
=CAT  \\$aIPL-CLA$c20180630$lBLL01$h1915
=CAT  \\$aW1908-0780$b00$c20200730$lBLL01$h1326
=CAT  \\$aCDS21$c20220118$lBLL01$h1104
=CAT  \\$aBATCH-UPD$b00$c20221121$lBLL01$h1359
=CAT  \\$aIPL-CLA$c20221231$lBLL01$h1445
=CAT  \\$a11205$b40$c20230801$lBLL01$h1531
=CFI  0\$aCurrent copyright fee: GBP29.95$c22\1$e01-jan-2023$fGBP29.95$g0$hP$5Uk
=CFI  2\$aPrevious copyright fee: GBP34.00$c22\1$e01-jul-2018$fGBP34.00$g0$hP$5Uk
=EST  \\$a1
=FFP  \\$aY$bBLDSS-3PM
=FIN  \\$aY$d20060322
=LKR  \\$aPAR$b016100011$lBLL01$nInternational politics reviews$mInternational politics$r78001
=MNI  \\$a1384-5748
=TCO  \\$aCLA$bCLA$c008
=TOC  \\$aETOC
=UNO  \\$aY
=ACF  \\$aPrevious Copyright Fee: GBP17.50$c39\0$e21-jul-2008$fGBP17.50$g0$hP$5Uk
=ACF  \\$aPrevious copyright fee: GBP30.74$c39\0$e01-jan-2018$fGBP30.74$g0$hP$5Uk
=ACF  \\$aPrevious copyright fee: GBP22.00$c39\0$e01-oct-2010$fGBP22.00$g0$hP$5Uk
=ACF  \\$aPrevious copyright fee: GBP30.73$c22\1$e19-feb-2018$fGBP30.73$g0$hP$5Uk
=ACF  \\$aPrevious copyright fee: GBP28.54$c22\1$e01-apr-2018$fGBP28.54$g0$hP$5Uk
=LAS  \\$a11205$b40$c20230801$lBLL01$h1531

