=LDR  04097cas a2201045 a 4500
=001  012922308
=003  Uk
=005  20230823084353.0
=006  m\\\\\\\\d\\\\\\\\
=007  cr\mnu||||||||
=008  051025c19999999enkqr\pss\o\\\0\\\a0eng\d
=FMT  \\$a  SE
=010  \\$a2007234137
=015  \\$aGBA872313$2bnb
=022  0\$a1743-4637$y1460-3799$202
=035  \\$a(OCoLC)62143072
=037  \\$a???$bSpringer
=040  \\$aCPV$cCPV$dOCL$dEYM$dHUL$dDLC$dUk
=042  \\$aukblsr$aissnuk
=050  14$aHD61
=082  04$a658.155
=222  \0$aRisk management$b(Online)
=245  00$aRisk management$h[electronic resource].
=260  \\$aLeicester, UK :$bPerpetuity Press,$c1999-
=260  3\$3[2006]-$aBasingstoke :$bPalgrave Macmillan
=310  \\$aQuarterly
=336  \\$atext$2rdacontent
=337  \\$acomputer$2rdamedia
=338  \\$aonline resource$2rdacarrier
=362  0\$aVol. 1, no. 1 (1999)-
=500  \\$a"An international journal."
=500  \\$aTitle from cover (JSTOR, viewed May 30, 2007).
=500  \\$aLatest issue consulted: Vol. 5, no. 4 (2003) (JSTOR, viewed May 30, 2007).
=538  \\$aMode of access: World Wide Web.
=540  \\$aCurrent copyright fee: GBP29.95$c22\1$5Uk
=650  \0$aRisk management$vPeriodicals.
=690  7\$aManagement and Business Studies$2blcoll
=776  0\$tRisk management$c(Leicester)$x1460-3799
=776  08$iPrint version:$tRisk management$x1460-3799
=859  \\$aELD$bejournal
=856  \\$31850-9999$uhttp://www.palgrave.com/home/index.asp$xBLDSS
=856  40$uhttp://www.jstor.org/journals/14603799.html
=856  40$uhttp://www.palgrave-journals.com/rm/index.html
=859  \\$aXLD$bejournal
=852  41$aBritish Library$bDSC$j7972.596900$3Volume 10:Issue 1(2008)-Volume 13:Issue 4(2011)***See ESTAR for full holdings.
=852  41$aBritish Library$bHMNTS$jELD Digital store$3Volume 18:Issue 4(2016)-
=945  \\$aRisk management -Leicester-
=959  \\$fHeld but not currently received
=979  \\$aBritish Library$bDSC$j7972.596900
=CAT  \\$a9604$b40$c20040524$lTMP01$h1129
=CAT  \\$aBATCH$b00$c20090611$lBLL01$h1709
=CAT  \\$aBATCH-UPD$b00$c20100818$lBLL01$h1552
=CAT  \\$aIPL-CLA$c20100930$lBLL01$h1526
=CAT  \\$aCDS12-UPD$b40$c20111212$lBLL01$h1841
=CAT  \\$aWR12_168$c20121206$lBLL01$h1815
=CAT  \\$aWR14_140$c20140905$lBLL01$h1805
=CAT  \\$aBLDSS-3PM$b00$c20160620$lBLL01$h1456
=CAT  \\$aBATCH-UPD$b00$c20160620$lBLL01$h1457
=CAT  \\$aBATCH-UPD$b00$c20171121$lBLL01$h1712
=CAT  \\$aIPL-CLA$c20171231$lBLL01$h1631
=CAT  \\$a6790$b40$c20180111$lBLL01$h1042
=CAT  \\$a6790$b40$c20180111$lBLL01$h1311
=CAT  \\$aBATCH-UPD$b40$c20180223$lBLL01$h1820
=CAT  \\$aIPL-CLA$c20180331$lBLL01$h1617
=CAT  \\$aBATCH-UPD$b00$c20180524$lBLL01$h1739
=CAT  \\$aIPL-CLA$c20180630$lBLL01$h1915
=CAT  \\$aBATCH-UPD$b00$c20180704$lBLL01$h0023
=CAT  \\$a5410$b40$c20200310$lBLL01$h1659
=CAT  \\$aW1908-0780$b00$c20200730$lBLL01$h1326
=CAT  \\$a5552$b40$c20200814$lBLL01$h1124
=CAT  \\$aCDS21$c20220118$lBLL01$h1104
=CAT  \\$aBATCH-UPD$b00$c20221121$lBLL01$h1359
=CAT  \\$aIPL-CLA$c20221231$lBLL01$h1445
=CAT  \\$a5410$b40$c20230813$lBLL01$h1617
=CAT  \\$a5410$b40$c20230823$lBLL01$h0843
=CFI  0\$aCurrent copyright fee: GBP29.95$c22\1$e01-jan-2023$fGBP29.95$g0$hP$5Uk
=CFI  2\$aPrevious copyright fee: GBP34.00$c22\1$e01-jul-2018$fGBP34.00$g0$hP$5Uk
=EST  \\$a1
=FFP  \\$aY$bBLDSS-3PM
=FIN  \\$aY$d20060116
=MNI  \\$a1460-3799
=SID  \\$aZ39$bOCLC
=TCO  \\$aCLA$bCLA$c008
=TOC  \\$aETOC
=UNO  \\$aY
=ACF  \\$aPrevious Copyright Fee: GBP17.50$c39\0$e28-jul-2008$fGBP17.50$g0$hP$5Uk
=ACF  \\$aPrevious copyright fee: GBP22.00$c39\0$e01-oct-2010$fGBP22.00$g0$hP$5Uk
=ACF  \\$aPrevious copyright fee: GBP30.74$c39\0$e01-jan-2018$fGBP30.74$g0$hP$5Uk
=ACF  \\$aPrevious copyright fee: GBP28.54$c39\0$e01-apr-2018$fGBP28.54$g0$hP$5Uk
=LAS  \\$a5410$b40$c20230823$lBLL01$h0843

