=LDR  06425cas a2201357 a 4500
=001  013004476
=003  Uk
=005  20220930142647.0
=006  m\\\\\\\\d\|\\\\\\
=007  cr\|||||||||||
=008  990510c19869999enkqr\pss\\\\\0\\\a0eng\\
=FMT  \\$a  SE
=015  \\$aGBA876864$2bnb
=022  0\$a1466-4437$y0268-3962$202
=037  3\$ajin$bSage (UK) Ltd
=037  \\$a???$bSpringer
=040  \\$aUk$beng$cUk$dUk
=042  \\$aissnuk$aukblsr
=082  04$a658.40380285$222
=130  0\$aJournal of information technology (Online)
=210  0\$aJ. inf. technol.$b(Online)
=222  \0$aJournal of information technology$b(Online)
=245  10$aJournal of information technology$h[electronic resource].
=246  30$aJIT
=260  \\$a[London] :$bRoutledge
=260  2\$32004-$aBasingstoke :$bPalgrave
=260  2\$aBasingstoke :$bPalgrave Macmillan
=264  31$aLondon :$bSAGE Publications Ltd
=310  \\$aQuarterly
=336  \\$atext$2rdacontent
=337  \\$acomputer$2rdamedia
=338  \\$aonline resource$2rdacarrier
=362  1\$aPrint began with vol. 1, no. 1 (Feb. 1986).
=500  \\$aDescription based on: Vol. 11, Issue 1 (Mar.1996); title from contents screeen (publisher's Web site, viewed July 12, 2008).
=550  \\$a"Published in Association with Association for Information Technology Trust."
=580  \\$aTeaching cases published in Journal of information technology teaching cases, 2011-.
=588  \\$aLatest issue consulted: volume 34, issue 3 (September 2019); SAGE journals, viewed October 22, 2019.
=538  \\$aMode of access: World Wide Web.
=530  \\$aAlso issued in print.
=595  \\$aSee also Serial Records.
=540  \\$aCurrent copyright fee: GBP36.32$c19\0$5Uk
=650  \0$aInformation technology$vPeriodicals.
=650  \0$aInformation storage and retrieval systems$vPeriodicals.
=650  \0$aInformation resources management$vPeriodicals.
=690  7\$aManagement and Business Studies$2blcoll
=710  2\$aAssociation for Information Technology Trust.
=776  08$iAlso issued in print as:$tJournal of information technology$x0268-3962
=785  01$tJournal of information technology teaching cases$x2043-8869
=859  \\$aELD$bejournal
=856  \\$31850-9999$uhttp://www.palgrave.com/home/index.asp$xBLDSS
=856  40$uhttp://www.palgrave-journals.com/jit/index.html
=859  \\$aXLD$bejournal
=852  41$aBritish Library$bHMNTS$jELD Digital store$3Volume 28:Number 1(2014)-
=852  \\$aBritish Library$bDSC$j5006.790000$3Volume 11:Issue 1(1996:Mar.)-Volume 26:Issue 4(2011)***See ESTAR for full holdings.
=945  \\$aJournal of information technology
=959  \\$fHeld but not currently received
=CAT  \\$a7174$b40$c20041001$lBLL01$h1040
=CAT  \\$a5552$b40$c20190108$lBLL01$h0851
=CAT  \\$aBATCH-UPD$b40$c20190521$lBLL01$h1411
=CAT  \\$aIPL-CLA$c20190630$lBLL01$h1533
=CAT  \\$aBATCH-UPD$b00$c20190829$lBLL01$h1528
=CAT  \\$aIPL-CLA$c20190930$lBLL01$h1637
=CAT  \\$a11205$b40$c20191022$lBLL01$h1438
=CAT  \\$a11205$b40$c20191022$lBLL01$h1441
=CAT  \\$a11205$b40$c20191022$lBLL01$h1609
=CAT  \\$a11205$b40$c20191022$lBLL01$h1611
=CAT  \\$a8871$b40$c20191023$lBLL01$h0813
=CAT  \\$a15190$b40$c20191209$lBLL01$h1148
=CAT  \\$aBATCH-UPD$b40$c20200219$lBLL01$h1515
=CAT  \\$aIPL-CLA$c20200331$lBLL01$h1613
=CAT  \\$aBATCH-UPD$b00$c20200522$lBLL01$h1458
=CAT  \\$aIPL-CLA$c20200701$lBLL01$h0054
=CAT  \\$aW1908-0780$b00$c20200730$lBLL01$h1326
=CAT  \\$a11033$b40$c20200803$lBLL01$h1217
=CAT  \\$aBATCH-UPD$b40$c20210226$lBLL01$h1037
=CAT  \\$aIPL-CLA$c20210331$lBLL01$h1700
=CAT  \\$aBATCH-UPD$b00$c20210707$lBLL01$h1602
=CAT  \\$aIPL-CLA$c20210707$lBLL01$h1843
=CAT  \\$aBATCH-UPD$b00$c20220520$lBLL01$h1633
=CAT  \\$aIPL-CLA$c20220630$lBLL01$h1537
=CAT  \\$aBATCH-UPD$b00$c20220824$lBLL01$h0900
=CAT  \\$aIPL-CLA$c20220930$lBLL01$h1426
=CFI  0\$aCurrent copyright fee: GBP36.32$c19\0$e01-oct-2022$fGBP36.32$g0$hP$5Uk
=CFI  2\$aPrevious copyright fee: GBP34.86$c19\0$e01-jul-2022$fGBP34.86$g0$hP$5Uk
=EST  \\$a1
=FFP  \\$aY$bBLDSS-3PM
=FIN  \\$aY$d20080612
=LEO  \\$aMP22.0000061017
=LET  \0$aJournal of information technology (Electronic)
=LKR  \\$aPAR$b010490201$lBLL01$r776$mJournal of information technology (Online)$nJournal of information technology (Print)
=MNI  \\$a0268-3962
=SRC  \\$aISN01$bbibmp22.200404.2.aa
=TCO  \\$aCLA$bCLA$c008
=TOC  \\$aETOC
=UNO  \\$aY
=ACF  \\$aPrevious copyright fee: GBP16.60$c16\0$e01-jan-2007$fGBP16.60$g0$hP$5Uk
=ACF  \\$aPrevious copyright fee: GBP16.22$c16\0$e01-oct-2006$fGBP16.22$g0$hP$5Uk
=ACF  \\$aPrevious copyright fee: GBP17.14$c16\0$e01-apr-2006$fGBP17.14$g0$hP$5Uk
=ACF  \\$aPrevious copyright fee: GBP16.67$c16\0$e01-jan-2006$fGBP16.67$g0$hP$5Uk
=ACF  \\$aPrevious Copyright Fee: GBP16.22$c16\0$e01-apr-2005$fGBP16.22$g0$hP$5Uk
=ACF  \\$aPrevious copyright fee: GBP16.67$c16\0$e21-mar-2005$fGBP16.67$g0$hP$5Uk
=ACF  \\$aCurrent copyright fee: GBP13.51$c0$e01-oct-2004$fGBP13.51$g0$hC$5Uk
=ACF  \\$aPrevious Copyright Fee: GBP17.50$c39\0$e29-jul-2008$fGBP17.50$g0$hP$5Uk
=ACF  \\$aPrevious copyright fee: GBP22.00$c39\0$e01-oct-2010$fGBP22.00$g0$hP$5Uk
=ACF  \\$aPrevious copyright fee: GBP30.74$c39\0$e01-jan-2018$fGBP30.74$g0$hP$5Uk
=ACF  \\$aPrevious copyright fee: GBP28.54$c39\0$e01-apr-2018$fGBP28.54$g0$hP$5Uk
=ACF  \\$aPrevious Copyright Fee: GBP17.50$c0$e01-jan-2019$fGBP17.50$g0$hA$5Uk
=ACF  \\$aPrevious copyright fee: GBP34.00$c22\1$e01-jul-2018$fGBP34.00$g0$hP$5Uk
=ACF  \\$aPrevious copyright fee: GBP30.77$c19\0$e08-jan-2019$fGBP30.77$g0$hP$5Uk
=ACF  \\$aPrevious copyright fee: GBP32.31$c19\0$e01-jul-2019$fGBP32.31$g0$hP$5Uk
=ACF  \\$aPrevious copyright fee: GBP33.60$c19\0$e01-oct-2019$fGBP33.60$g0$hP$5Uk
=ACF  \\$aPrevious copyright fee: GBP33.52$c19\0$e01-apr-2020$fGBP33.52$g0$hP$5Uk
=ACF  \\$aPrevious copyright fee: GBP34.86$c19\0$e01-jul-2020$fGBP34.86$g0$hP$5Uk
=ACF  \\$aPrevious copyright fee: GBP32.28$c19\0$e01-apr-2021$fGBP32.28$g0$hP$5Uk
=ACF  \\$aPrevious copyright fee: GBP31.13$c19\0$e07-jul-2021$fGBP31.13$g0$hP$5Uk
=LAS  \\$aIPL-CLA$b00$c20220930$lBLL01$h1426

