=LDR  05821cas a2201261 a 4500
=001  013087913
=003  Uk
=005  20230304014342.0
=006  m\\\\\\\\d\\\\\\\\
=007  cr\mnu||||||||
=008  991118c19789999gw\mr\pso\\\\\0\\\\0eng\c
=FMT  \\$a  SE
=010  \\$a2004233638
=022  0\$a1432-0843$l0344-5704$y0344-5704
=035  \\$a(OCoLC)42851903
=037  \\$a???$bSpringer
=040  \\$aGAT$cGAT$dOCLCQ$dGUA$dOCLCQ$dOCL$dCLU$dOCLCQ$dUk
=042  \\$aukblsr
=050  14$aRC271.C5
=082  04$a616.994061$222
=130  0\$aCancer chemotherapy and pharmacology (Online)
=222  \0$aCancer chemotherapy and pharmacology$b(Internet)
=245  10$aCancer chemotherapy and pharmacology$h[electronic resource].
=246  13$aCCP$f<2008->
=246  17$aCancer chemother pharmacol
=260  \\$aHeidelberg :$bSpringer-Verlag
=310  \\$aMonthly,$b2000-
=321  \\$aFrequency varies,$b<1995>-1999
=336  \\$atext$2rdacontent
=337  \\$acomputer$2rdamedia
=338  \\$aonline resource$2rdacarrier
=362  1\$aPrint began with v. 1, published in 1978.
=588  \\$aDescription based on: Vol. 37, no. 1/2 (Nov. 1995); title from contents screen (Springer LINK, viewed Apr. 28, 2004).
=588  \\$aLatest issue consulted: Vol. 67, no. 5 (May, 2011) (viewed May 11, 2011).
=515  \\$aSome issues combined.
=525  \\$aSupplements accompany some issues.
=538  \\$aMode of access: World Wide Web.
=540  \\$aCurrent copyright fee: GBP34.95$c22\1$5Uk
=650  \0$aCancer$xChemotherapy$vPeriodicals.
=650  \0$aAntineoplastic agents$vPeriodicals.
=776  08$iPrint version:$tCancer chemotherapy and pharmacology$x0344-5704
=859  \\$aELD$bejournal
=856  \\$31850-9999$uhttp://www.springer.com/gb/$xBLDSS
=856  40$uhttp://www.springerlink.com/content/0344-5704/1/1/
=856  40$uhttp://www.springerlink.com/link.asp?id=100508
=856  40$uhttp://www.springerlink.com/openurl.asp?genre=journal&eissn=1432-0843
=859  \\$aXLD$bejournal
=852  41$aBritish Library$bDSC$j3046.467000$3Volume 37:Issue 1/2(1996)-Volume 81:Issue 4(2018)***See ESTAR for full holdings.
=852  41$aBritish Library$bHMNTS$jELD Digital store$3Volume 81:Issue 1(2018)-
=945  \\$aCANCER CHEMOTHERAPY AND PHARMACOLOGY
=959  \\$fHeld but not currently received
=979  \\$aBritish Library$bDSC$j3046.467000
=CAT  \\$a5552$b40$c20050120$lBLL01$h1106
=CAT  \\$aBATCH-UPD$b00$c20150820$lBLL01$h1837
=CAT  \\$aIPL-CLA$c20150930$lBLL01$h1806
=CAT  \\$aBATCH-UPD$b00$c20160217$lBLL01$h1727
=CAT  \\$aIPL-CLA$c20160331$lBLL01$h1726
=CAT  \\$aBATCH-UPD$b00$c20160524$lBLL01$h2209
=CAT  \\$aBATCH-UPD$b00$c20160525$lBLL01$h0017
=CAT  \\$aBATCH-UPD$b00$c20160824$lBLL01$h1754
=CAT  \\$aIPL-CLA$c20160930$lBLL01$h1603
=CAT  \\$aBATCH-UPD$b00$c20170216$lBLL01$h1843
=CAT  \\$aIPL-CLA$c20170331$lBLL01$h1844
=CAT  \\$aBATCH-UPD$b00$c20170904$lBLL01$h1851
=CAT  \\$aIPL-CLA$c20170929$lBLL01$h1728
=CAT  \\$aBATCH-UPD$b00$c20180223$lBLL01$h1720
=CAT  \\$aIPL-CLA$c20180331$lBLL01$h1619
=CAT  \\$aW1805-0475$c20180520$lBLL01$h1631
=CAT  \\$aBATCH-UPD$b00$c20180524$lBLL01$h1713
=CAT  \\$aIPL-CLA$c20180630$lBLL01$h1916
=CAT  \\$aW1908-0780$b00$c20200730$lBLL01$h1326
=CAT  \\$a15190$b40$c20201013$lBLL01$h1007
=CAT  \\$a5552$b40$c20210810$lBLL01$h1225
=CAT  \\$aIPL-CLA$c20210930$lBLL01$h1527
=CAT  \\$aCDS21$c20220118$lBLL01$h1104
=CAT  \\$aBATCH-UPD$b00$c20221121$lBLL01$h1411
=CAT  \\$aIPL-CLA$c20221231$lBLL01$h1445
=CAT  \\$a5410$b40$c20230304$lBLL01$h0143
=CFI  0\$aCurrent copyright fee: GBP34.95$c22\1$e01-jan-2023$fGBP34.95$g0$hP$5Uk
=CFI  2\$aPrevious copyright fee: GBP43.00$c22\1$e01-oct-2021$fGBP43.00$g0$hP$5Uk
=EST  \\$a1
=FFP  \\$aY$bBLDSS-3PM
=FIN  \\$aY$d20110511
=LKR  \\$aPAR$b011742825$lBLL01$r776$mCancer chemotherapy and pharmacology (Online)$nCancer chemotherapy and pharmacology (Print)
=MNI  \\$a0344-5704
=SID  \\$aZ39$bOCLC
=TCO  \\$aDEU$bVG WORT$c008
=TOC  \\$aETOC
=UNO  \\$aY
=ACF  \\$aPrevious copyright fee: GBP16.67$c22\3$e01-jan-2006$fGBP16.67$g0$hP$5Uk
=ACF  \\$aPrevious copyright fee: GBP16.22$c22\3$e01-apr-2005$fGBP16.22$g0$hP$5Uk
=ACF  \\$aPrevious copyright fee: GBP16.67$c22\3$e01-jan-2005$fGBP16.67$g0$hP$5Uk
=ACF  \\$aPrevious copyright fee: GBP17.14$c22\3$e01-apr-2006$fGBP17.14$g0$hP$5Uk
=ACF  \\$aPrevious copyright fee: GBP22.00$c22\3$e12-aug-2012$fGBP22.00$g0$hP$5Uk
=ACF  \\$aPrevious copyright fee: GBP25.00$c22\3$e01-jan-2013$fGBP25.00$g0$hP$5Uk
=ACF  \\$aPrevious copyright fee: GBP25.77$c22\3$e01-jul-2013$fGBP25.77$g0$hP$5Uk
=ACF  \\$aPrevious copyright fee: GBP24.97$c22\3$e01-jan-2014$fGBP24.97$g0$hP$5Uk
=ACF  \\$aPrevious copyright fee: GBP24.21$c22\3$e01-jul-2014$fGBP24.21$g0$hP$5Uk
=ACF  \\$aPrevious copyright fee: GBP25.77$c22\3$e01-apr-2015$fGBP25.77$g0$hP$5Uk
=ACF  \\$aPrevious copyright fee: GBP26.63$c22\3$e01-jul-2015$fGBP26.63$g0$hP$5Uk
=ACF  \\$aPrevious copyright fee: GBP25.77$c22\3$e01-oct-2015$fGBP25.77$g0$hP$5Uk
=ACF  \\$aPrevious copyright fee: GBP27.55$c22\3$e01-apr-2016$fGBP27.55$g0$hP$5Uk
=ACF  \\$aPrevious copyright fee: GBP29.59$c22\3$e01-oct-2016$fGBP29.59$g0$hP$5Uk
=ACF  \\$aPrevious copyright fee: GBP31.96$c22\3$e01-apr-2017$fGBP31.96$g0$hP$5Uk
=ACF  \\$aPrevious copyright fee: GBP30.73$c22\3$e01-oct-2017$fGBP30.73$g0$hP$5Uk
=ACF  \\$aPrevious copyright fee: GBP28.54$c22\3$e01-apr-2018$fGBP28.54$g0$hP$5Uk
=ACF  \\$aPrevious copyright fee: GBP34.00$c22\1$e01-jul-2018$fGBP34.00$g0$hP$5Uk
=LAS  \\$a5410$b40$c20230304$lBLL01$h0143

