=LDR  07090cas a2201429 a 4500
=001  013089433
=003  Uk
=005  20230423123531.0
=006  m\\\\\\\\d\\\\\\\\
=007  cr\mnu||||||||
=008  980330c19989999gw\mx\pso\\\\\0\\\a0eng\d
=FMT  \\$a  SE
=010  \\$a2004233601
=022  0\$a1434-6079$y1434-6060
=035  \\$a(OCoLC)39166326
=037  \\$a???$bSpringer
=040  \\$aRBN$cRBN$dMYG$dOCL$dOCLCQ$dTWT$dGUA$dOCLCQ$dRBN$dOCL$dOCLCQ$dUk
=042  \\$aukblsr
=050  14$aQC1
=082  04$a535.05$223
=130  0\$aEuropean physical journal.$nD,$pAtomic, molecular, and optical physics (Online)
=210  0\$aEur. phys. j., D, Atomic, molecular, optical and plasma physics$b(Online)
=222  \0$aEuropean physical journal. D, Atomic, molecular, optical and plasma physics$b(Online)
=245  14$aThe European physical journal.$nD,$pAtomic, molecular, and optical physics$h[electronic resource].
=246  30$aAtoms, molecules and optical physics
=246  13$aEPJ.$nD
=246  17$aEur. phys. j.$nD
=246  1\$iIssues for July 2006- have title:$aEuropean physical journal.$nD,$pAtomic, molecular, optical and plasma physics
=246  30$aAtomic, molecular, optical and plasma physics$fJuly 2006-
=260  \\$aHeidelberg :$bSpringer-Verlag Heidelberg,$cc1998-
=310  \\$a18 no. a year,$b2003-
=321  \\$aFrequency varies,$b1998-2002
=336  \\$atext$2rdacontent
=337  \\$acomputer$2rdamedia
=338  \\$aonline resource$2rdacarrier
=362  0\$aVol. 1, no. 1 (Jan. 1998)-
=580  \\$aMerger of: Journal de physique. II, and: Zeitschrift für Physik. D, Atoms, molecules, and clusters.
=580  \\$aAbsorbed in part, in 1999: Nuovo cimento della Società italiana di fisica. D, Condensed matter, atomic, molecular and chemical physics, biophysics.
=580  \\$aAbsorbed in part, in 2007: Czechoslovak journal of physics.
=588  \\$aTitle from contents screen (Springer LINK, viewed Apr. 7, 2004).
=588  \\$aLatest issue consulted: Vol. 62, no. 3 (May 2011), (viewed June 14, 2011).
=515  \\$aSome issues combined.
=538  \\$aMode of access: World Wide Web.
=540  \\$aCurrent copyright fee: GBP29.95$c22\1$5Uk
=650  \0$aAtoms$vPeriodicals.
=650  \0$aMolecules$vPeriodicals.
=650  \0$aOptics$vPeriodicals.
=650  \0$aPhysics$vPeriodicals.
=776  08$iPrint version:$tEuropean physical journal. D, Atomic, molecular, and optical physics$x1434-6060
=780  16$tCzechoslovak journal of physics (Online)$x1572-9486
=780  11$tZeitschrift für Physik. D, Atoms, molecules, and clusters$c(Online)
=856  \\$31850-9999$uhttp://www.springer.com/gb/$xBLDSS
=856  40$uhttp://www.springerlink.com/content/1434-6060/41/3/
=856  40$uhttp://www.springerlink.com/link.asp?id=101161
=859  \\$aXLD$bejournal
=859  \\$aELD$bejournal
=852  41$aBritish Library$bDSC$j3829.779220$3Volume 5:Issue 2(1999)-Volume 72:Issue 3(2018)***See ESTAR for full holdings.
=852  41$aBritish Library$bHMNTS$jELD Digital store$3Volume 71:Issue 11(2017)-
=945  \\$aEuropean physical journal D atomic molecular and optical physics
=959  \\$fHeld but not currently received
=979  \\$aBritish Library$bDSC$j3829.779220
=985  \\$aCONFERENCE ANALYTIC &RECORDS EXIST
=985  \\$a580 notes based on BL print record
=CAT  \\$a7750$b40$c20050122$lBLL01$h1222
=CAT  \\$aBATCH-UPD$b00$c20150520$lBLL01$h1749
=CAT  \\$aIPL-CLA$c20150630$lBLL01$h1646
=CAT  \\$aBATCH-UPD$b00$c20150820$lBLL01$h1837
=CAT  \\$aIPL-CLA$c20150930$lBLL01$h1806
=CAT  \\$aBATCH-UPD$b00$c20160217$lBLL01$h1727
=CAT  \\$aIPL-CLA$c20160331$lBLL01$h1726
=CAT  \\$aBATCH-UPD$b00$c20160524$lBLL01$h2209
=CAT  \\$aBATCH-UPD$b00$c20160525$lBLL01$h0018
=CAT  \\$aBATCH-UPD$b00$c20160824$lBLL01$h1754
=CAT  \\$aIPL-CLA$c20160930$lBLL01$h1603
=CAT  \\$aBATCH-UPD$b00$c20170216$lBLL01$h1843
=CAT  \\$aIPL-CLA$c20170331$lBLL01$h1844
=CAT  \\$aBATCH-UPD$b00$c20170904$lBLL01$h1851
=CAT  \\$aIPL-CLA$c20170929$lBLL01$h1728
=CAT  \\$aBATCH-UPD$b00$c20180223$lBLL01$h1720
=CAT  \\$aIPL-CLA$c20180331$lBLL01$h1619
=CAT  \\$aW1805-0475$c20180520$lBLL01$h1631
=CAT  \\$aBATCH-UPD$b00$c20180524$lBLL01$h1713
=CAT  \\$aIPL-CLA$c20180630$lBLL01$h1916
=CAT  \\$aW1908-0780$b00$c20200730$lBLL01$h1327
=CAT  \\$a15005$b40$c20210331$lBLL01$h1123
=CAT  \\$aCDS21$c20220118$lBLL01$h1105
=CAT  \\$aBATCH-UPD$b00$c20221121$lBLL01$h1400
=CAT  \\$aIPL-CLA$c20221231$lBLL01$h1445
=CAT  \\$a5410$b40$c20230423$lBLL01$h1235
=CFI  0\$aCurrent copyright fee: GBP29.95$c22\1$e01-jan-2023$fGBP29.95$g0$hP$5Uk
=CFI  2\$aPrevious copyright fee: GBP34.00$c22\1$e01-jul-2018$fGBP34.00$g0$hP$5Uk
=EST  \\$a1
=FFP  \\$aY$bBLDSS-3PM
=FIN  \\$aY$d20110614
=LKR  \\$aPAR$b012432646$lBLL01$r78016$mThe European physical journal D$nCzechoslovak journal of physics (Online)
=LKR  \\$aPAR$b007859020$lBLL01$r776$mThe European physical journal D (Online)$nThe European physical journal D (Print)
=MNI  \\$a1434-6060
=SID  \\$aZ39$bOCLC
=TCO  \\$aDEU$bVG WORT$c008
=TOC  \\$aETOC
=UNO  \\$aY
=ACF  \\$aPrevious copyright fee: GBP21.25$c22\3$e01-jan-2009$fGBP21.25$g0$hP$5Uk
=ACF  \\$aPrevious Copyright Fee: GBP16.75$c22\3$e09-aug-2007$fGBP16.75$g0$hP$5Uk
=ACF  \\$aPrevious Copyright Fee: GBP17.14$c22\3$e01-apr-2006$fGBP17.14$g0$hP$5Uk
=ACF  \\$aPrevious copyright fee: GBP16.67$c22\3$e01-jan-2006$fGBP16.67$g0$hP$5Uk
=ACF  \\$aPrevious copyright fee: GBP16.22$c22\3$e01-apr-2005$fGBP16.22$g0$hP$5Uk
=ACF  \\$aPrevious copyright fee: GBP16.67$c22\3$e01-jan-2005$fGBP16.67$g0$hP$5Uk
=ACF  \\$aPrevious copyright fee: GBP22.00$c22\3$e01-apr-2009$fGBP22.00$g0$hP$5Uk
=ACF  \\$aPrevious copyright fee: GBP22.00$c22\3$e12-aug-2012$fGBP22.00$g0$hP$5Uk
=ACF  \\$aPrevious copyright fee: GBP25.00$c22\3$e01-jan-2013$fGBP25.00$g0$hP$5Uk
=ACF  \\$aPrevious copyright fee: GBP25.77$c22\3$e01-jul-2013$fGBP25.77$g0$hP$5Uk
=ACF  \\$aPrevious copyright fee: GBP24.97$c22\3$e01-jan-2014$fGBP24.97$g0$hP$5Uk
=ACF  \\$aPrevious copyright fee: GBP24.21$c22\3$e01-jul-2014$fGBP24.21$g0$hP$5Uk
=ACF  \\$aPrevious copyright fee: GBP25.77$c22\3$e01-apr-2015$fGBP25.77$g0$hP$5Uk
=ACF  \\$aPrevious copyright fee: GBP26.63$c22\3$e01-jul-2015$fGBP26.63$g0$hP$5Uk
=ACF  \\$aPrevious copyright fee: GBP25.77$c22\3$e01-oct-2015$fGBP25.77$g0$hP$5Uk
=ACF  \\$aPrevious copyright fee: GBP27.55$c22\3$e01-apr-2016$fGBP27.55$g0$hP$5Uk
=ACF  \\$aPrevious copyright fee: GBP29.59$c22\3$e01-oct-2016$fGBP29.59$g0$hP$5Uk
=ACF  \\$aPrevious copyright fee: GBP31.96$c22\3$e01-apr-2017$fGBP31.96$g0$hP$5Uk
=ACF  \\$aPrevious copyright fee: GBP30.73$c22\3$e01-oct-2017$fGBP30.73$g0$hP$5Uk
=ACF  \\$aPrevious copyright fee: GBP28.54$c22\3$e01-apr-2018$fGBP28.54$g0$hP$5Uk
=LAS  \\$a5410$b40$c20230423$lBLL01$h1235

