=LDR  06515cas a2201357 a 4500
=001  013089439
=003  Uk
=005  20221231144553.0
=006  m\\\\\\\\d\\\\\\\\
=007  cr\cn|||||||||
=008  020619c20009999gw\mr\pso\\\\\0\\\a0eng\c
=FMT  \\$a  SE
=010  \\$a2002238639
=022  0\$a1292-895X$l1292-8941$y1292-8941$27
=035  \\$a(OCoLC)50026754$z(OCoLC)43805460
=037  \\$a???$bSpringer
=040  \\$aIUL$cIUL$dOCLCQ$dOCL$dCLU$dOCLCQ$dCLU$dUk
=042  \\$aukblsr
=050  14$aQC173.458.S62
=082  04$a530.41$223
=130  0\$aEuropean physical journal.$nE,$pSoft matter (Online)
=210  0\$aEur. phys. j., E Soft matter$b(Online)
=222  \4$aThe European physical journal. E, Soft matter$b(Online)
=245  14$aThe European physical journal.$nE,$pSoft matter$h[electronic resource].
=246  30$aEuropean physical journal.$nE
=246  1\$iIssues for Jan. 2009- have title:$aEuropean physical journal.$nE,$pSoft matter and biological physics
=246  30$aSoft matter
=260  \\$aBerlin :$bSpringer,$c2000-
=310  \\$aMonthly
=336  \\$atext$2rdacontent
=337  \\$acomputer$2rdamedia
=338  \\$aonline resource$2rdacarrier
=362  0\$aVol. 1, issue 1 (2000)-
=500  \\$aTitle from introductory page (viewed June 19, 2002).
=500  \\$aLatest issue consulted: Vol. 34, no. 6 (June 2011) (viewed SpringerLink June 14, 2011).
=510  0\$aChemical abstracts,$x0009-2258
=515  \\$aIssued in three vols. per year.
=550  \\$aRecognized by the European Physical Society.
=550  \\$aPublished jointly by: EDP Sciences; Societa Italiana di Fisica; and: Springer-Verlag.
=580  \\$aContinues a section on Soft condensed matter previously published in: European physical journal, B.
=540  \\$aCurrent copyright fee: GBP29.95$c22\1$5Uk
=650  \0$aSoft condensed matter$vPeriodicals.
=650  \0$aPhysics$vPeriodicals.
=650  \0$aChemistry, Physical and theoretical$vPeriodicals.
=650  \0$aBiophysics$vPeriodicals.
=710  2\$aEuropean Physical Society.
=710  2\$aEDP Sciences.
=710  2\$aSocietà italiana di fisica.
=776  08$iPrint version:$tEuropean physical journal. E, Soft matter$x1292-8941
=780  11$tEuropean physical journal. B, Condensed matter physics (Online)$g2000-$x1434-6036
=856  \\$31850-9999$uhttp://www.springer.com/gb/$xBLDSS
=856  40$uhttp://link.springer-ny.com/link/service/journals/10189/index.htm
=856  40$uhttp://www.springerlink.com/content/1292-8941/
=859  \\$aXLD$bejournal
=859  \\$aELD$bejournal
=852  41$aBritish Library$bDSC$j3829.779230$3Volume 7:Issue 4(2002)-Volume 41:Issue 3(2018)***See ESTAR for full holdings.
=852  41$aBritish Library$bHMNTS$jELD Digital store$3Volume 40:Issue 11(2017)-
=945  \\$aEUROPEAN PHYSICAL JOURNAL E SOFT MATTER.
=959  \\$fHeld but not currently received
=979  \\$aBritish Library$bDSC$j3829.779230
=CAT  \\$a7750$b40$c20050122$lBLL01$h1228
=CAT  \\$aBATCH-UPD$b00$c20150520$lBLL01$h1749
=CAT  \\$aIPL-CLA$c20150630$lBLL01$h1646
=CAT  \\$aBATCH-UPD$b00$c20150820$lBLL01$h1837
=CAT  \\$aIPL-CLA$c20150930$lBLL01$h1806
=CAT  \\$aBATCH-UPD$b00$c20160217$lBLL01$h1727
=CAT  \\$aIPL-CLA$c20160331$lBLL01$h1726
=CAT  \\$aBATCH-UPD$b00$c20160524$lBLL01$h2209
=CAT  \\$aBATCH-UPD$b00$c20160525$lBLL01$h0018
=CAT  \\$aBATCH-UPD$b00$c20160824$lBLL01$h1754
=CAT  \\$aIPL-CLA$c20160930$lBLL01$h1603
=CAT  \\$aBATCH-UPD$b00$c20170216$lBLL01$h1843
=CAT  \\$aIPL-CLA$c20170331$lBLL01$h1844
=CAT  \\$aBATCH-UPD$b00$c20170904$lBLL01$h1851
=CAT  \\$aIPL-CLA$c20170929$lBLL01$h1728
=CAT  \\$aBATCH-UPD$b00$c20180223$lBLL01$h1720
=CAT  \\$aIPL-CLA$c20180331$lBLL01$h1619
=CAT  \\$aW1805-0475$c20180520$lBLL01$h1631
=CAT  \\$aBATCH-UPD$b00$c20180524$lBLL01$h1713
=CAT  \\$aIPL-CLA$c20180630$lBLL01$h1916
=CAT  \\$aW1908-0780$b00$c20200730$lBLL01$h1327
=CAT  \\$a15005$b40$c20210330$lBLL01$h1517
=CAT  \\$aCDS21$c20220118$lBLL01$h1105
=CAT  \\$aBATCH-UPD$b00$c20221121$lBLL01$h1400
=CAT  \\$a5410$b40$c20221204$lBLL01$h1414
=CAT  \\$aIPL-CLA$c20221231$lBLL01$h1445
=CFI  0\$aCurrent copyright fee: GBP29.95$c22\1$e01-jan-2023$fGBP29.95$g0$hP$5Uk
=CFI  2\$aPrevious copyright fee: GBP34.00$c22\1$e01-jul-2018$fGBP34.00$g0$hP$5Uk
=EST  \\$a1
=FFP  \\$aY$bBLDSS-3PM
=FIN  \\$aY$d20110614
=LKR  \\$aPAR$b013089537$lBLL01$r78011$mThe European physical journal. E, Soft matter (Online)$nEuropean physical journal. B, Condensed matter physics and complex systems (Internet)
=LKR  \\$aPAR$b007859021$lBLL01$r776$mThe European physical journal E soft matter (Onlline)$nThe European physical journal E soft matter (Print)
=MNI  \\$a1292-8941
=SID  \\$aZ39$bOCLC
=TCO  \\$aDEU$bVG WORT$c008
=TOC  \\$aETOC
=UNO  \\$aY
=ACF  \\$aPrevious copyright fee: GBP16.67$c22\3$e01-jan-2006$fGBP16.67$g0$hP$5Uk
=ACF  \\$aPrevious copyright fee: GBP16.22$c22\3$e01-apr-2005$fGBP16.22$g0$hP$5Uk
=ACF  \\$aPrevious copyright fee: GBP16.67$c22\3$e01-jan-2005$fGBP16.67$g0$hP$5Uk
=ACF  \\$aPrevious copyright fee: GBP17.14$c22\3$e01-apr-2006$fGBP17.14$g0$hP$5Uk
=ACF  \\$aPrevious copyright fee: GBP22.00$c22\3$e12-aug-2012$fGBP22.00$g0$hP$5Uk
=ACF  \\$aPrevious copyright fee: GBP25.00$c22\3$e01-jan-2013$fGBP25.00$g0$hP$5Uk
=ACF  \\$aPrevious copyright fee: GBP25.77$c22\3$e01-jul-2013$fGBP25.77$g0$hP$5Uk
=ACF  \\$aPrevious copyright fee: GBP24.97$c22\3$e01-jan-2014$fGBP24.97$g0$hP$5Uk
=ACF  \\$aPrevious copyright fee: GBP24.21$c22\3$e01-jul-2014$fGBP24.21$g0$hP$5Uk
=ACF  \\$aPrevious copyright fee: GBP25.77$c22\3$e01-apr-2015$fGBP25.77$g0$hP$5Uk
=ACF  \\$aPrevious copyright fee: GBP26.63$c22\3$e01-jul-2015$fGBP26.63$g0$hP$5Uk
=ACF  \\$aPrevious copyright fee: GBP25.77$c22\3$e01-oct-2015$fGBP25.77$g0$hP$5Uk
=ACF  \\$aPrevious copyright fee: GBP27.55$c22\3$e01-apr-2016$fGBP27.55$g0$hP$5Uk
=ACF  \\$aPrevious copyright fee: GBP29.59$c22\3$e01-oct-2016$fGBP29.59$g0$hP$5Uk
=ACF  \\$aPrevious copyright fee: GBP31.96$c22\3$e01-apr-2017$fGBP31.96$g0$hP$5Uk
=ACF  \\$aPrevious copyright fee: GBP30.73$c22\3$e01-oct-2017$fGBP30.73$g0$hP$5Uk
=ACF  \\$aPrevious copyright fee: GBP28.54$c22\3$e01-apr-2018$fGBP28.54$g0$hP$5Uk
=LAS  \\$aIPL-CLA$b00$c20221231$lBLL01$h1445

