=LDR  05919cas a2201297 a 4500
=001  013089515
=003  Uk
=005  20221231144553.0
=006  m\\\\\\\\d\\\\\\\\
=007  cr\mnu||||||||
=008  020120c20019999gw\qx\pso\\\\\0\\\\0eng\c
=FMT  \\$a  SE
=010  \\$a2006237052
=022  0\$a1618-7601$l1618-7598$y1618-7598
=035  \\$a(OCoLC)48821272$z(OCoLC)60637989
=037  \\$a???$bSpringer
=040  \\$aOH1$cOH1$dOCLCQ$dEYM$dHUL$dOCLCS$dMYG$dOCL$dRUQBL$dOCLCQ$dUk
=041  0\$aeng$afre$ager
=042  \\$aukblsr
=043  \\$ae------
=050  14$aRA410.A1
=082  04$a338.433621094$223
=130  0\$aEuropean journal of health economics (Online)
=222  \4$aThe European journal of health economics$b(Internet)
=245  14$aThe European journal of health economics$h[electronic resource].
=246  30$aHealth economics in prevention and care
=246  30$aHEPAC
=260  \\$aBerlin :$bSpringer-Verlag,$c2001-
=310  \\$aFour no. a year
=336  \\$atext$2rdacontent
=337  \\$acomputer$2rdamedia
=338  \\$aonline resource$2rdacarrier
=362  0\$aVol. 2, no. 1 (2001)-
=588  \\$aTitle from title screen (Springerlink, viewed Jan. 17, 2007).
=588  \\$aLatest issue consulted: Vol. 12, no. 3 (June 2011) (Springerlink, viewed June 21, 2011).
=530  \\$aAlso issued in print.
=538  \\$aMode of access: World Wide Web.
=546  \\$aArticles chiefly in English with some German and French.
=540  \\$aCurrent copyright fee: GBP34.95$c22\1$5Uk
=650  \0$aMedical economics$zEurope$vPeriodicals.
=650  \6$aÉconomie de la santé.
=690  7\$aManagement and Business Studies$2blcoll
=776  1\$tEuropean journal of health economics$x1618-7598
=780  00$tHealth economics in prevention and care$c(Online)
=856  \\$31850-9999$uhttp://www.springer.com/gb/$xBLDSS
=856  40$uhttp://www.jstor.org/journals/16187598.html
=856  40$uhttp://www.springerlink.com/content/1618-7598/
=856  40$uhttp://www.springerlink.com/content/1618-7601/
=859  \\$aXLD$bejournal
=859  \\$aELD$bejournal
=852  41$aBritish Library$bDSC$j3829.729840$3Volume 3:Issue 1(2002)-Volume 19:Issue 1(2018)***See ESTAR for full holdings.
=852  41$aBritish Library$bHMNTS$jELD Digital store$3Volume 19:Issue 7(2018)-
=945  \\$aEUROPEAN JOURNAL OF HEALTH ECONOMICS.
=959  \\$fHeld but not currently received
=979  \\$aBritish Library$bDSC$j3829.729840
=CAT  \\$a7750$b40$c20050122$lBLL01$h1435
=CAT  \\$aBATCH-UPD$b00$c20150820$lBLL01$h1837
=CAT  \\$aIPL-CLA$c20150930$lBLL01$h1806
=CAT  \\$aBATCH-UPD$b00$c20160217$lBLL01$h1727
=CAT  \\$aIPL-CLA$c20160331$lBLL01$h1726
=CAT  \\$aBATCH-UPD$b00$c20160519$lBLL01$h1033
=CAT  \\$aBATCH-UPD$b00$c20160524$lBLL01$h2209
=CAT  \\$aBATCH-UPD$b00$c20160824$lBLL01$h1754
=CAT  \\$aIPL-CLA$c20160930$lBLL01$h1603
=CAT  \\$aBATCH-UPD$b00$c20170216$lBLL01$h1843
=CAT  \\$aIPL-CLA$c20170331$lBLL01$h1844
=CAT  \\$aBATCH-UPD$b00$c20170904$lBLL01$h1851
=CAT  \\$aIPL-CLA$c20170929$lBLL01$h1728
=CAT  \\$aBATCH-UPD$b00$c20180223$lBLL01$h1720
=CAT  \\$aIPL-CLA$c20180331$lBLL01$h1619
=CAT  \\$aW1805-0475$c20180520$lBLL01$h1631
=CAT  \\$aBATCH-UPD$b00$c20180524$lBLL01$h1713
=CAT  \\$aIPL-CLA$c20180630$lBLL01$h1916
=CAT  \\$aW1908-0780$b00$c20200730$lBLL01$h1327
=CAT  \\$a15005$b40$c20210331$lBLL01$h1410
=CAT  \\$a5552$b40$c20210811$lBLL01$h1235
=CAT  \\$aIPL-CLA$c20210930$lBLL01$h1528
=CAT  \\$aCDS21$c20220118$lBLL01$h1105
=CAT  \\$aBATCH-UPD$b00$c20221121$lBLL01$h1411
=CAT  \\$a5410$b40$c20221206$lBLL01$h1358
=CAT  \\$aIPL-CLA$c20221231$lBLL01$h1445
=CFI  0\$aCurrent copyright fee: GBP34.95$c22\1$e01-jan-2023$fGBP34.95$g0$hP$5Uk
=CFI  2\$aPrevious copyright fee: GBP43.00$c22\1$e01-oct-2021$fGBP43.00$g0$hP$5Uk
=EST  \\$a1
=FFP  \\$aY$bBLDSS-3PM
=FIN  \\$aY$d20110621
=LKR  \\$aPAR$b007858721$lBLL01$r776$mThe European journal of health economics (Online)$nThe European journal of health economics (Print)
=MNI  \\$a1618-7598
=SID  \\$aZ39$bOCLC
=TCO  \\$aDEU$bVG WORT$c008
=TOC  \\$aETOC
=UNO  \\$aY
=ACF  \\$aPrevious copyright fee: GBP16.67$c22\3$e01-jan-2006$fGBP16.67$g0$hP$5Uk
=ACF  \\$aPrevious copyright fee: GBP16.22$c22\3$e01-apr-2005$fGBP16.22$g0$hP$5Uk
=ACF  \\$aPrevious copyright fee: GBP16.67$c22\3$e01-jan-2005$fGBP16.67$g0$hP$5Uk
=ACF  \\$aPrevious copyright fee: GBP17.14$c22\3$e01-apr-2006$fGBP17.14$g0$hP$5Uk
=ACF  \\$aPrevious copyright fee: GBP22.00$c22\3$e12-aug-2012$fGBP22.00$g0$hP$5Uk
=ACF  \\$aPrevious copyright fee: GBP25.00$c22\3$e01-jan-2013$fGBP25.00$g0$hP$5Uk
=ACF  \\$aPrevious copyright fee: GBP25.77$c22\3$e01-jul-2013$fGBP25.77$g0$hP$5Uk
=ACF  \\$aPrevious copyright fee: GBP24.97$c22\3$e01-jan-2014$fGBP24.97$g0$hP$5Uk
=ACF  \\$aPrevious copyright fee: GBP24.21$c22\3$e01-jul-2014$fGBP24.21$g0$hP$5Uk
=ACF  \\$aPrevious copyright fee: GBP25.77$c22\3$e01-apr-2015$fGBP25.77$g0$hP$5Uk
=ACF  \\$aPrevious copyright fee: GBP26.63$c22\3$e01-jul-2015$fGBP26.63$g0$hP$5Uk
=ACF  \\$aPrevious copyright fee: GBP25.77$c22\3$e01-oct-2015$fGBP25.77$g0$hP$5Uk
=ACF  \\$aPrevious copyright fee: GBP27.55$c22\3$e01-apr-2016$fGBP27.55$g0$hP$5Uk
=ACF  \\$aPrevious copyright fee: GBP29.59$c22\3$e01-oct-2016$fGBP29.59$g0$hP$5Uk
=ACF  \\$aPrevious copyright fee: GBP31.96$c22\3$e01-apr-2017$fGBP31.96$g0$hP$5Uk
=ACF  \\$aPrevious copyright fee: GBP30.73$c22\3$e01-oct-2017$fGBP30.73$g0$hP$5Uk
=ACF  \\$aPrevious copyright fee: GBP28.54$c22\3$e01-apr-2018$fGBP28.54$g0$hP$5Uk
=ACF  \\$aPrevious copyright fee: GBP34.00$c22\1$e01-jul-2018$fGBP34.00$g0$hP$5Uk
=LAS  \\$aIPL-CLA$b00$c20221231$lBLL01$h1445

