=LDR  06176cas a2201345 a 4500
=001  013089532
=003  Uk
=005  20221231144553.0
=006  m\\\\\\\\d\\\\\\\\
=007  cr\mnu||||||||
=008  980925c19989999gw\mx\pso\\\\\0\\\a0eng\c
=FMT  \\$a  SE
=010  \\$a2004233446
=022  0\$a1434-601X$l1434-6001$y1434-6001$26
=035  \\$a(OCoLC)39932021
=037  \\$a???$bSpringer
=040  \\$aPIT$cPIT$dIUL$dOCL$dTJC$dOCLCQ$dTWT$dGUA$dOCL$dOCLCQ$dCLU$dUk
=042  \\$aukblsr
=050  \4$aQC770
=082  04$a539.7$223
=130  0\$aEuropean physical journal.$nA,$pHadrons and nuclei (Online)
=210  0\$aEur. phys. j., A Hadrons nucl.$b(Internet)
=222  \0$aEuropean physical journal. A, Hadrons and nuclei$b(Internet)
=245  14$aThe European physical journal.$nA,$pHadrons and nuclei$h[electronic resource].
=246  30$aHadrons and nuclei
=246  13$aEPJ.$nA
=246  17$aEur. phys. j.$nA
=260  \\$aHeidelberg :$bSpringer-Verlag,$cc1998-
=310  \\$a12 no. a year
=336  \\$atext$2rdacontent
=337  \\$acomputer$2rdamedia
=338  \\$aonline resource$2rdacarrier
=362  0\$aVol. 1, no. 1 (Jan. 1998)-
=588  \\$aTitle from contents screen (Springer LINK, viewed Apr. 1, 2004).
=588  \\$aLatest issue consulted: Vol. 47, no. 6 (June 2011) (viewed June 28, 2011).
=515  \\$a3 vol. per year; 4 no. per vol.
=515  \\$aSome issues combined.
=525  \\$aSupplements accompany some issues.
=550  \\$aIssued by: EDP Sciences, Societa Italiana di Fisica and Springer, <2010->.
=540  \\$aCurrent copyright fee: GBP29.95$c22\1$5Uk
=650  \0$aNuclear physics$vPeriodicals.
=650  \0$aHadrons$vPeriodicals.
=650  \0$aAstrophysics$vPeriodicals.
=710  2\$aEuropean Physical Society.
=710  2\$aSocietà italiana di fisica.
=710  2\$aEDP Sciences.
=776  08$iPrint version:$tEuropean physical journal. A, Hadrons and nuclei$x1434-6001
=780  00$tZeitschrift für Physik. A, Hadrons and nuclei$c(Online)
=780  16$tNuovo cimento della Società italiana di fisica. A$c(Online)$g2000
=856  \\$31850-9999$uhttp://www.springer.com/gb/$xBLDSS
=856  40$uhttp://springerlink.metapress.com/link.asp?id=101158
=856  40$uhttp://springerlink.metapress.com/openurl.asp?genre=journal&eissn=1434-601X
=856  40$uhttp://www.springerlink.com/content/1434-6001/
=859  \\$aXLD$bejournal
=859  \\$aELD$bejournal
=852  41$aBritish Library$bDSC$j3829.779210$3Volume 1:Issue 2(1998)-Volume 54:Issue 3(2018)***See ESTAR for full holdings.
=852  41$aBritish Library$bHMNTS$jELD Digital store$3Volume 53:Issue 11(2017)-
=945  \\$aEUROPEAN PHYSICAL JOURNAL A HADRONS AND NUCLEI.
=959  \\$fHeld but not currently received
=979  \\$aBritish Library$bDSC$j3829.779210
=CAT  \\$a6524$b40$c20050122$lBLL01$h1503
=CAT  \\$aBATCH-UPD$b00$c20150520$lBLL01$h1749
=CAT  \\$aIPL-CLA$c20150630$lBLL01$h1646
=CAT  \\$aBATCH-UPD$b00$c20150820$lBLL01$h1837
=CAT  \\$aIPL-CLA$c20150930$lBLL01$h1806
=CAT  \\$aBATCH-UPD$b00$c20160217$lBLL01$h1727
=CAT  \\$aIPL-CLA$c20160331$lBLL01$h1726
=CAT  \\$aBATCH-UPD$b00$c20160524$lBLL01$h2209
=CAT  \\$aBATCH-UPD$b00$c20160525$lBLL01$h0018
=CAT  \\$aBATCH-UPD$b00$c20160824$lBLL01$h1754
=CAT  \\$aIPL-CLA$c20160930$lBLL01$h1603
=CAT  \\$aBATCH-UPD$b00$c20170216$lBLL01$h1843
=CAT  \\$aIPL-CLA$c20170331$lBLL01$h1844
=CAT  \\$aBATCH-UPD$b00$c20170904$lBLL01$h1851
=CAT  \\$aIPL-CLA$c20170929$lBLL01$h1728
=CAT  \\$aBATCH-UPD$b00$c20180223$lBLL01$h1720
=CAT  \\$aIPL-CLA$c20180331$lBLL01$h1619
=CAT  \\$aW1805-0475$c20180520$lBLL01$h1631
=CAT  \\$aBATCH-UPD$b00$c20180524$lBLL01$h1713
=CAT  \\$aIPL-CLA$c20180630$lBLL01$h1916
=CAT  \\$aW1908-0780$b00$c20200730$lBLL01$h1327
=CAT  \\$a15005$b40$c20210331$lBLL01$h1402
=CAT  \\$aCDS21$c20220118$lBLL01$h1105
=CAT  \\$aBATCH-UPD$b00$c20221121$lBLL01$h1400
=CAT  \\$a5410$b40$c20221207$lBLL01$h1317
=CAT  \\$aIPL-CLA$c20221231$lBLL01$h1445
=CFI  0\$aCurrent copyright fee: GBP29.95$c22\1$e01-jan-2023$fGBP29.95$g0$hP$5Uk
=CFI  2\$aPrevious copyright fee: GBP34.00$c22\1$e01-jul-2018$fGBP34.00$g0$hP$5Uk
=EST  \\$a1
=FFP  \\$aY$bBLDSS-3PM
=FIN  \\$aY$d20110628
=LKR  \\$aPAR$b007859017$lBLL01$r776$mThe European physical journal A (Online)$nThe European physical journal A (Print)
=MNI  \\$a1434-6001
=SID  \\$aZ39$bOCLC
=TCO  \\$aDEU$bVG WORT$c008
=TOC  \\$aETOC
=UNO  \\$aY
=ACF  \\$aPrevious copyright fee: GBP16.67$c22\3$e01-jan-2006$fGBP16.67$g0$hP$5Uk
=ACF  \\$aPrevious copyright fee: GBP16.22$c22\3$e01-apr-2005$fGBP16.22$g0$hP$5Uk
=ACF  \\$aPrevious copyright fee: GBP16.67$c22\3$e01-jan-2005$fGBP16.67$g0$hP$5Uk
=ACF  \\$aPrevious copyright fee: GBP17.14$c22\3$e01-apr-2006$fGBP17.14$g0$hP$5Uk
=ACF  \\$aPrevious copyright fee: GBP22.00$c22\3$e12-aug-2012$fGBP22.00$g0$hP$5Uk
=ACF  \\$aPrevious copyright fee: GBP25.00$c22\3$e01-jan-2013$fGBP25.00$g0$hP$5Uk
=ACF  \\$aPrevious copyright fee: GBP25.77$c22\3$e01-jul-2013$fGBP25.77$g0$hP$5Uk
=ACF  \\$aPrevious copyright fee: GBP24.97$c22\3$e01-jan-2014$fGBP24.97$g0$hP$5Uk
=ACF  \\$aPrevious copyright fee: GBP24.21$c22\3$e01-jul-2014$fGBP24.21$g0$hP$5Uk
=ACF  \\$aPrevious copyright fee: GBP25.77$c22\3$e01-apr-2015$fGBP25.77$g0$hP$5Uk
=ACF  \\$aPrevious copyright fee: GBP26.63$c22\3$e01-jul-2015$fGBP26.63$g0$hP$5Uk
=ACF  \\$aPrevious copyright fee: GBP25.77$c22\3$e01-oct-2015$fGBP25.77$g0$hP$5Uk
=ACF  \\$aPrevious copyright fee: GBP27.55$c22\3$e01-apr-2016$fGBP27.55$g0$hP$5Uk
=ACF  \\$aPrevious copyright fee: GBP29.59$c22\3$e01-oct-2016$fGBP29.59$g0$hP$5Uk
=ACF  \\$aPrevious copyright fee: GBP31.96$c22\3$e01-apr-2017$fGBP31.96$g0$hP$5Uk
=ACF  \\$aPrevious copyright fee: GBP30.73$c22\3$e01-oct-2017$fGBP30.73$g0$hP$5Uk
=ACF  \\$aPrevious copyright fee: GBP28.54$c22\3$e01-apr-2018$fGBP28.54$g0$hP$5Uk
=LAS  \\$aIPL-CLA$b00$c20221231$lBLL01$h1445

