=LDR  05794cas a2201237 a 4500
=001  013089606
=003  Uk
=005  20221231144554.0
=006  m\\\\\\\\d\\\\\\\\
=007  cr\cn|||||||||
=008  020515c20029999gw\qx\pso\\\\\0\\\a0eng\d
=FMT  \\$a  SE
=022  0\$a1618-9558$l1618-954X$y1618-954X
=030  \\$aCTEPAI
=035  \\$a(OCoLC)49791221
=037  \\$a???$bSpringer
=040  \\$aHNK$cHNK$dCUS$dCAS$dOCLCQ$dOCL$dCIT$dOCLCQ$dUk
=042  \\$aukblsr
=050  \4$aTD1
=082  04$a363.7005$223
=210  1\$aClean technol. environ. policy$b(Internet)
=222  \0$aClean technologies and environmental policy$b(Internet)
=245  00$aClean technologies and environmental policy$h[electronic resource].
=260  \\$aBerlin :$bSpringer,$c2002-
=310  \\$aFour issues a year
=336  \\$atext$2rdacontent
=337  \\$acomputer$2rdamedia
=338  \\$aonline resource$2rdacarrier
=362  0\$aVol. 3, no. 4 (2002)-
=588  \\$aTitle from journal home page (viewed May 15, 2002).
=588  \\$aLatest issue consulted: Vol. 13, no. 3 (June 2011) (SpringerLink, viewed July 5, 2011).
=510  0\$aChemical abstracts,$x0009-2258
=580  \\$aPrint formed by the union of: Environmental engineering and policy, and: Clean products and processes.
=580  \\$aWeb site includes v. 1, no. 1 (1998)-v. 3, no. 3 (2001) of former title, Clean products and processes.
=540  \\$aCurrent copyright fee: GBP29.95$c22\1$5Uk
=650  \0$aGreen technology$vPeriodicals.
=650  \0$aEnvironmental policy$vPeriodicals.
=655  \0$aElectronic journals
=776  08$iPrint version:$tClean technologies and environmental policy$x1618-954X
=780  14$tEnvironmental engineering and policy$c(Online)
=780  14$tClean products and processes$c(Online)
=859  \\$aELD$bejournal
=856  \\$31850-9999$uhttp://www.springer.com/gb/$xBLDSS
=856  4\$uhttp://www.springerlink.com/content/1618-954x
=856  40$uhttp://link.springer.de/link/service/journals/10098/index.htm
=859  \\$aXLD$bejournal
=852  41$aBritish Library$bDSC$j3278.425500$3Volume 3:Issue 4(2002)-Volume 20:Issue 3(2018)***See ESTAR for full holdings.
=852  41$aBritish Library$bHMNTS$jELD Digital store$3Volume 20:Issue 1(2018)-
=945  \\$aClean technologies and environmental policy
=959  \\$fHeld but not currently received
=979  \\$aBritish Library$bDSC$j3278.425500
=CAT  \\$a6524$b40$c20050123$lBLL01$h0748
=CAT  \\$aBATCH-UPD$b00$c20150520$lBLL01$h1749
=CAT  \\$aIPL-CLA$c20150630$lBLL01$h1646
=CAT  \\$aBATCH-UPD$b00$c20150820$lBLL01$h1837
=CAT  \\$aIPL-CLA$c20150930$lBLL01$h1806
=CAT  \\$aBATCH-UPD$b00$c20160217$lBLL01$h1727
=CAT  \\$aIPL-CLA$c20160331$lBLL01$h1726
=CAT  \\$aBATCH-UPD$b00$c20160524$lBLL01$h2209
=CAT  \\$aBATCH-UPD$b00$c20160525$lBLL01$h0018
=CAT  \\$aBATCH-UPD$b00$c20160824$lBLL01$h1755
=CAT  \\$aIPL-CLA$c20160930$lBLL01$h1603
=CAT  \\$aBATCH-UPD$b00$c20170216$lBLL01$h1843
=CAT  \\$aIPL-CLA$c20170331$lBLL01$h1844
=CAT  \\$aBATCH-UPD$b00$c20170904$lBLL01$h1851
=CAT  \\$aIPL-CLA$c20170929$lBLL01$h1728
=CAT  \\$aBATCH-UPD$b00$c20180223$lBLL01$h1720
=CAT  \\$aIPL-CLA$c20180331$lBLL01$h1619
=CAT  \\$aW1805-0475$c20180520$lBLL01$h1631
=CAT  \\$aBATCH-UPD$b00$c20180524$lBLL01$h1713
=CAT  \\$aIPL-CLA$c20180630$lBLL01$h1916
=CAT  \\$aW1908-0780$b00$c20200730$lBLL01$h1327
=CAT  \\$a15190$b40$c20201013$lBLL01$h1640
=CAT  \\$aCDS21$c20220118$lBLL01$h1105
=CAT  \\$aBATCH-UPD$b00$c20221121$lBLL01$h1400
=CAT  \\$a5410$b40$c20221127$lBLL01$h1135
=CAT  \\$aIPL-CLA$c20221231$lBLL01$h1445
=CFI  0\$aCurrent copyright fee: GBP29.95$c22\1$e01-jan-2023$fGBP29.95$g0$hP$5Uk
=CFI  2\$aPrevious copyright fee: GBP34.00$c22\1$e01-jul-2018$fGBP34.00$g0$hP$5Uk
=EST  \\$a1
=FFP  \\$aY$bBLDSS-3PM
=FIN  \\$aY$d20110705
=LKR  \\$aPAR$b012395848$lBLL01$r776$mClean technologies and environmental policy (Online)$nClean technologies and environmental policy (Print)
=MNI  \\$a1618-954X
=SID  \\$aZ39$bOCLC
=TCO  \\$aDEU$bVG WORT$c008
=TOC  \\$aETOC
=UNO  \\$aY
=ACF  \\$aPrevious copyright fee: GBP16.67$c22\3$e01-jan-2006$fGBP16.67$g0$hP$5Uk
=ACF  \\$aPrevious copyright fee: GBP16.22$c22\3$e01-apr-2005$fGBP16.22$g0$hP$5Uk
=ACF  \\$aPrevious copyright fee: GBP16.67$c22\3$e01-jan-2005$fGBP16.67$g0$hP$5Uk
=ACF  \\$aPrevious copyright fee: GBP17.14$c22\3$e01-apr-2006$fGBP17.14$g0$hP$5Uk
=ACF  \\$aPrevious copyright fee: GBP22.00$c22\3$e12-aug-2012$fGBP22.00$g0$hP$5Uk
=ACF  \\$aPrevious copyright fee: GBP25.00$c22\3$e01-jan-2013$fGBP25.00$g0$hP$5Uk
=ACF  \\$aPrevious copyright fee: GBP25.77$c22\3$e01-jul-2013$fGBP25.77$g0$hP$5Uk
=ACF  \\$aPrevious copyright fee: GBP24.97$c22\3$e01-jan-2014$fGBP24.97$g0$hP$5Uk
=ACF  \\$aPrevious copyright fee: GBP24.21$c22\3$e01-jul-2014$fGBP24.21$g0$hP$5Uk
=ACF  \\$aPrevious copyright fee: GBP25.77$c22\3$e01-apr-2015$fGBP25.77$g0$hP$5Uk
=ACF  \\$aPrevious copyright fee: GBP26.63$c22\3$e01-jul-2015$fGBP26.63$g0$hP$5Uk
=ACF  \\$aPrevious copyright fee: GBP25.77$c22\3$e01-oct-2015$fGBP25.77$g0$hP$5Uk
=ACF  \\$aPrevious copyright fee: GBP27.55$c22\3$e01-apr-2016$fGBP27.55$g0$hP$5Uk
=ACF  \\$aPrevious copyright fee: GBP29.59$c22\3$e01-oct-2016$fGBP29.59$g0$hP$5Uk
=ACF  \\$aPrevious copyright fee: GBP31.96$c22\3$e01-apr-2017$fGBP31.96$g0$hP$5Uk
=ACF  \\$aPrevious copyright fee: GBP30.73$c22\3$e01-oct-2017$fGBP30.73$g0$hP$5Uk
=ACF  \\$aPrevious copyright fee: GBP28.54$c22\3$e01-apr-2018$fGBP28.54$g0$hP$5Uk
=LAS  \\$aIPL-CLA$b00$c20221231$lBLL01$h1445

