=LDR  05551cas a2201249 a 4500
=001  013089611
=003  Uk
=005  20221231144554.0
=006  m\\\\\\\\d\\\\\\\\
=007  cr\cnu||||||||
=008  990420c19869999gw\bx\pso\\\\\0\\\a0eng\c
=FMT  \\$a  SE
=010  \\$a2001229174
=022  0\$a1432-0894$l0930-7575$y0930-7575
=035  \\$a(OCoLC)41210560
=037  \\$a???$bSpringer
=040  \\$aDLM$cDLM$dOCL$dFUG$dOCLCQ$dMUQ$dOCL$dAGL$dOCLCQ$dUk
=042  \\$aukblsr
=050  \4$aQC981.7.D94
=070  0\$aQC980$b.C56
=072  \0$aB200
=082  04$a551.505$223
=130  0\$aClimate dynamics (Online)
=222  \0$aClimate dynamics$b(Internet)
=245  10$aClimate dynamics$h[electronic resource].
=260  \\$aBerlin ;$a[Heidelberg] :$bSpringer,$c[1986-]
=310  \\$aSix no. a year,$b<2002->
=321  \\$aQuarterly,$bSept. 1986-1992
=321  \\$aFrequency varies,$b1993-2001
=336  \\$atext$2rdacontent
=337  \\$acomputer$2rdamedia
=338  \\$aonline resource$2rdacarrier
=362  0\$aVol. 1, no. 1 (Sept. 1986)-
=500  \\$a"Observational, theoretical and computational research on the climate system."
=588  \\$aTitle from journal information screen (viewed Mar. 15, 2007).
=588  \\$aLatest issue consulted: Vol. 37, no. 1/2 (July 2011) (SpringerLINK, viewed July 5, 2011).
=515  \\$aSome issues combined.
=538  \\$aMode of access: World Wide Web.
=540  \\$aCurrent copyright fee: GBP29.95$c22\1$5Uk
=650  \0$aMeteorology$vPeriodicals.
=650  \0$aClimatology$vPeriodicals.
=776  08$iIssued also in print:$tClimate dynamics$x0930-7575
=859  \\$aELD$bejournal
=856  \\$31850-9999$uhttp://www.springer.com/gb/$xBLDSS
=856  40$uhttp://www.springerlink.com/content/0930-7575
=856  40$uhttp://www.springerlink.com/content/1432-0894/?sortorder=asc
=859  \\$aXLD$bejournal
=852  41$aBritish Library$bDSC$j3279.108000$3Volume 18:Issue 7(2002)-Volume 50:Issue 5/6(2018)***See ESTAR for full holdings.
=852  41$aBritish Library$bHMNTS$jELD Digital store$3Volume 51:Issue 5/6(2018)-
=945  \\$aCLIMATE DYNAMICS.
=959  \\$fHeld but not currently received
=979  \\$aBritish Library$bDSC$j3279.108000
=CAT  \\$a6524$b40$c20050123$lBLL01$h0814
=CAT  \\$aBATCH-UPD$b00$c20150520$lBLL01$h1750
=CAT  \\$aIPL-CLA$c20150630$lBLL01$h1646
=CAT  \\$aBATCH-UPD$b00$c20150820$lBLL01$h1837
=CAT  \\$aIPL-CLA$c20150930$lBLL01$h1806
=CAT  \\$aBATCH-UPD$b00$c20160217$lBLL01$h1727
=CAT  \\$aIPL-CLA$c20160331$lBLL01$h1726
=CAT  \\$aBATCH-UPD$b00$c20160524$lBLL01$h2209
=CAT  \\$aBATCH-UPD$b00$c20160525$lBLL01$h0018
=CAT  \\$aBATCH-UPD$b00$c20160824$lBLL01$h1755
=CAT  \\$aIPL-CLA$c20160930$lBLL01$h1603
=CAT  \\$aBATCH-UPD$b00$c20170216$lBLL01$h1843
=CAT  \\$aIPL-CLA$c20170331$lBLL01$h1844
=CAT  \\$aBATCH-UPD$b00$c20170904$lBLL01$h1851
=CAT  \\$aIPL-CLA$c20170929$lBLL01$h1728
=CAT  \\$aBATCH-UPD$b00$c20180223$lBLL01$h1720
=CAT  \\$aIPL-CLA$c20180331$lBLL01$h1619
=CAT  \\$aW1805-0475$c20180520$lBLL01$h1631
=CAT  \\$aBATCH-UPD$b00$c20180524$lBLL01$h1713
=CAT  \\$aIPL-CLA$c20180630$lBLL01$h1916
=CAT  \\$aW1908-0780$b00$c20200730$lBLL01$h1327
=CAT  \\$a15190$b40$c20201013$lBLL01$h1651
=CAT  \\$aCDS21$c20220118$lBLL01$h1105
=CAT  \\$aBATCH-UPD$b00$c20221121$lBLL01$h1400
=CAT  \\$a5410$b40$c20221128$lBLL01$h1436
=CAT  \\$aIPL-CLA$c20221231$lBLL01$h1445
=CFI  0\$aCurrent copyright fee: GBP29.95$c22\1$e01-jan-2023$fGBP29.95$g0$hP$5Uk
=CFI  2\$aPrevious copyright fee: GBP34.00$c22\1$e01-jul-2018$fGBP34.00$g0$hP$5Uk
=EST  \\$a1
=FFP  \\$aY$bBLDSS-3PM
=FIN  \\$aY$d20110705
=LKR  \\$aPAR$b012396069$lBLL01$r776$mClimate dynamics (Online)$nClimate dynamics (Print)
=MNI  \\$a0930-7575
=SID  \\$aZ39$bOCLC
=TCO  \\$aDEU$bVG WORT$c008
=TOC  \\$aETOC
=UNO  \\$aY
=ACF  \\$aPrevious copyright fee: GBP16.67$c22\3$e01-jan-2006$fGBP16.67$g0$hP$5Uk
=ACF  \\$aPrevious copyright fee: GBP16.22$c22\3$e01-apr-2005$fGBP16.22$g0$hP$5Uk
=ACF  \\$aPrevious copyright fee: GBP16.67$c22\3$e01-jan-2005$fGBP16.67$g0$hP$5Uk
=ACF  \\$aPrevious copyright fee: GBP17.14$c22\3$e01-apr-2006$fGBP17.14$g0$hP$5Uk
=ACF  \\$aPrevious copyright fee: GBP22.00$c22\3$e12-aug-2012$fGBP22.00$g0$hP$5Uk
=ACF  \\$aPrevious copyright fee: GBP25.00$c22\3$e01-jan-2013$fGBP25.00$g0$hP$5Uk
=ACF  \\$aPrevious copyright fee: GBP25.77$c22\3$e01-jul-2013$fGBP25.77$g0$hP$5Uk
=ACF  \\$aPrevious copyright fee: GBP24.97$c22\3$e01-jan-2014$fGBP24.97$g0$hP$5Uk
=ACF  \\$aPrevious copyright fee: GBP24.21$c22\3$e01-jul-2014$fGBP24.21$g0$hP$5Uk
=ACF  \\$aPrevious copyright fee: GBP25.77$c22\3$e01-apr-2015$fGBP25.77$g0$hP$5Uk
=ACF  \\$aPrevious copyright fee: GBP26.63$c22\3$e01-jul-2015$fGBP26.63$g0$hP$5Uk
=ACF  \\$aPrevious copyright fee: GBP25.77$c22\3$e01-oct-2015$fGBP25.77$g0$hP$5Uk
=ACF  \\$aPrevious copyright fee: GBP27.55$c22\3$e01-apr-2016$fGBP27.55$g0$hP$5Uk
=ACF  \\$aPrevious copyright fee: GBP29.59$c22\3$e01-oct-2016$fGBP29.59$g0$hP$5Uk
=ACF  \\$aPrevious copyright fee: GBP31.96$c22\3$e01-apr-2017$fGBP31.96$g0$hP$5Uk
=ACF  \\$aPrevious copyright fee: GBP30.73$c22\3$e01-oct-2017$fGBP30.73$g0$hP$5Uk
=ACF  \\$aPrevious copyright fee: GBP28.54$c22\3$e01-apr-2018$fGBP28.54$g0$hP$5Uk
=LAS  \\$aIPL-CLA$b00$c20221231$lBLL01$h1445

