=LDR  06539cas a2201405 a 4500
=001  013089654
=003  Uk
=005  20221231144555.0
=006  m\\\\\\\\d\\\\\\\\
=007  cr\cnu||||||||
=008  991209c19979999fr\br\pso\\\\\0\\\a0eng\c
=FMT  \\$a  SE
=010  \\$a2008233682
=019  c\$a2565600
=022  0\$a1248-9204$l1248-9204$y1265-4906
=035  \\$a(OCoLC)42964411$z(OCoLC)60637743$z(OCoLC)177482457$z(OCoLC)223559906
=037  \\$a???$bSpringer
=040  \\$aVPI$cVPI$dAAA$dOCLCQ$dGUA$dOCLCS$dVRC$dOCLCQ$dUk
=042  \\$aukblsr
=050  14$aRD621
=082  04$a617.559059$223
=130  0\$aHernia (Online)
=222  \0$aHernia$b(Online)
=245  10$aHernia$h[electronic resource] :$bthe journal of hernias and abdominal wall surgery.
=246  30$aJournal of hernias and abdominal wall surgery
=260  \\$aParis :$bSpringer-Verlag France,$c1997-
=310  \\$aBimonthly,$b2006-
=321  \\$aQuarterly,$b1997-2005
=336  \\$atext$2rdacontent
=337  \\$acomputer$2rdamedia
=338  \\$aonline resource$2rdacarrier
=362  0\$aVol. 1, no. 1 (May 1997)-
=588  \\$aTitle from contents screen (SpringerLink, viewed Apr. 28, 2008).
=588  \\$aLatest issue consulted: Vol. 15, no. 3 (June 2011), viewed July 26, 2011.
=530  \\$aAlso issued in print.
=538  \\$aMode of access: World Wide Web.
=550  \\$aOfficial organ of: Groupe de recherche européen sur la paroi abdominale (GREPA), and: the American Hernia Society (AHS).
=540  \\$aCurrent copyright fee: GBP34.95$c22\1$5Uk
=650  \0$aHernia$vPeriodicals.
=650  \0$aLaparoscopic surgery$vPeriodicals.
=650  \0$aAbdominal wall$xSurgery$vPeriodicals.
=710  2\$aGroupe de recherche européen sur la paroi abdominale.
=710  2\$aAmerican Hernia Society.
=776  1\$tHernia$x1265-4906
=859  \\$aELD$bejournal
=856  \\$31850-9999$uhttp://www.springer.com/gb/$xBLDSS
=856  40$uhttp://www.springerlink.com/content/100113
=856  40$uhttp://www.springerlink.com/content/1265-4906/
=859  \\$aXLD$bejournal
=852  41$aBritish Library$bHMNTS$jELD Digital store$3Volume 22:Issue 6(2018)-
=852  41$aBritish Library$bDSC$j4300.154100$3Volume 1:Issue 2(1997)-Volume 22:Issue 1(2018)***See ESTAR for full holdings.
=945  \\$aHERNIA -PARIS-.
=959  \\$fHeld but not currently received
=979  \\$aBritish Library$bDSC$j4300.154100
=CAT  \\$a7750$b40$c20050123$lBLL01$h1034
=CAT  \\$aBATCH-UPD$b00$c20150820$lBLL01$h1848
=CAT  \\$aIPL-CLA$c20150930$lBLL01$h1806
=CAT  \\$aBATCH-UPD$b00$c20160217$lBLL01$h1740
=CAT  \\$aIPL-CLA$c20160331$lBLL01$h1726
=CAT  \\$aBATCH-UPD$b00$c20160524$lBLL01$h2209
=CAT  \\$aBATCH-UPD$b00$c20160525$lBLL01$h0018
=CAT  \\$aBATCH-UPD$b00$c20160824$lBLL01$h1807
=CAT  \\$aIPL-CLA$c20160930$lBLL01$h1603
=CAT  \\$aBATCH-UPD$b00$c20170216$lBLL01$h1855
=CAT  \\$aIPL-CLA$c20170331$lBLL01$h1844
=CAT  \\$aBATCH-UPD$b00$c20170904$lBLL01$h1906
=CAT  \\$aIPL-CLA$c20170929$lBLL01$h1728
=CAT  \\$aBATCH-UPD$b00$c20180223$lBLL01$h1739
=CAT  \\$aIPL-CLA$c20180331$lBLL01$h1619
=CAT  \\$aW1805-0475$c20180520$lBLL01$h1631
=CAT  \\$aBATCH-UPD$b00$c20180524$lBLL01$h1725
=CAT  \\$aIPL-CLA$c20180630$lBLL01$h1916
=CAT  \\$aW1908-0780$b00$c20200730$lBLL01$h1327
=CAT  \\$a15190$b40$c20201123$lBLL01$h1131
=CAT  \\$a5552$b40$c20210813$lBLL01$h0949
=CAT  \\$aIPL-CLA$c20210930$lBLL01$h1528
=CAT  \\$aCDS21$c20220118$lBLL01$h1105
=CAT  \\$aBATCH-UPD$b00$c20221121$lBLL01$h1411
=CAT  \\$a5410$b40$c20221203$lBLL01$h1024
=CAT  \\$aIPL-CLA$c20221231$lBLL01$h1445
=CAT  \\$aBATCH-UPD$b00$c20231006$lBLL01$h2028
=CFI  0\$aCurrent copyright fee: GBP34.95$c22\1$e01-jan-2023$fGBP34.95$g0$hP$5Uk
=CFI  2\$aPrevious copyright fee: GBP43.00$c22\1$e01-oct-2021$fGBP43.00$g0$hP$5Uk
=EST  \\$a1
=FFP  \\$aY$bBLDSS-3PM
=FIN  \\$aY$d20110726
=LEO  \\$aMP10.0000264161
=LKR  \\$aPAR$b009202144$lBLL01$r776$mHernia (Online)$nHernia (Print)
=MNI  \\$a1265-4906
=SID  \\$aZ39$bOCLC
=SRC  \\$aDSS01$bbibmp10.200404.2.aa
=TCO  \\$aFRA$bCFC$c008
=TOC  \\$aETOC
=UNO  \\$aY
=ACF  \\$aPrevious copyright fee: GBP21.25$c23\1$e01-jan-2009$fGBP21.25$g0$hP$5Uk
=ACF  \\$aPrevious copyright fee: GBP16.75$c23\1$e01-jan-2007$fGBP16.75$g0$hP$5Uk
=ACF  \\$aPrevious copyright fee: GBP16.22$c23\1$e01-oct-2006$fGBP16.22$g0$hP$5Uk
=ACF  \\$aPrevious copyright fee: GBP17.14$c23\1$e01-apr-2006$fGBP17.14$g0$hP$5Uk
=ACF  \\$aPrevious copyright fee: GBP16.67$c23\1$e01-jan-2006$fGBP16.67$g0$hP$5Uk
=ACF  \\$aPrevious copyright fee: GBP16.22$c23\1$e01-apr-2005$fGBP16.22$g0$hP$5Uk
=ACF  \\$aPrevious copyright fee: GBP16.67$c23\1$e01-jan-2005$fGBP16.67$g0$hP$5Uk
=ACF  \\$aPrevious copyright fee: GBP20.64$c23\1$e01-oct-2002$fGBP20.64$g0$hP$5Uk
=ACF  \\$aCurrent copyright fee: GBP22.06$c23\1$e01-jan-2002$fGBP22.06$g0$hP$5Uk
=ACF  \\$aCurrent copyright fee: GBP20.69$c23\1$e01-jan-2001$fGBP20.69$g0$hP$5Uk
=ACF  \\$aPrevious copyright fee: GBP22.00$c23\1$e01-apr-2009$fGBP22.00$g0$hP$5Uk
=ACF  \\$aPrevious copyright fee: GBP22.00$c23\1$e12-aug-2012$fGBP22.00$g0$hP$5Uk
=ACF  \\$aPrevious copyright fee: GBP25.00$c23\1$e01-jan-2013$fGBP25.00$g0$hP$5Uk
=ACF  \\$aPrevious copyright fee: GBP25.77$c23\1$e01-jul-2013$fGBP25.77$g0$hP$5Uk
=ACF  \\$aPrevious copyright fee: GBP24.97$c23\1$e01-jan-2014$fGBP24.97$g0$hP$5Uk
=ACF  \\$aPrevious copyright fee: GBP24.21$c23\1$e01-jul-2014$fGBP24.21$g0$hP$5Uk
=ACF  \\$aPrevious copyright fee: GBP25.77$c23\1$e01-apr-2015$fGBP25.77$g0$hP$5Uk
=ACF  \\$aPrevious copyright fee: GBP26.63$c23\1$e01-jul-2015$fGBP26.63$g0$hP$5Uk
=ACF  \\$aPrevious copyright fee: GBP25.77$c23\1$e01-oct-2015$fGBP25.77$g0$hP$5Uk
=ACF  \\$aPrevious copyright fee: GBP27.55$c23\1$e01-apr-2016$fGBP27.55$g0$hP$5Uk
=ACF  \\$aPrevious copyright fee: GBP29.59$c23\1$e01-oct-2016$fGBP29.59$g0$hP$5Uk
=ACF  \\$aPrevious copyright fee: GBP31.96$c23\1$e01-apr-2017$fGBP31.96$g0$hP$5Uk
=ACF  \\$aPrevious copyright fee: GBP30.73$c23\1$e01-oct-2017$fGBP30.73$g0$hP$5Uk
=ACF  \\$aPrevious copyright fee: GBP28.54$c23\1$e01-apr-2018$fGBP28.54$g0$hP$5Uk
=ACF  \\$aPrevious copyright fee: GBP34.00$c22\1$e01-jul-2018$fGBP34.00$g0$hP$5Uk
=LAS  \\$aBATCH-UPD$b00$c20231006$lBLL01$h2028

