=LDR  05774cas a2201225 a 4500
=001  013089687
=003  Uk
=005  20221231144556.0
=006  m\\\\\\\\d\\\\\\\\
=007  cr\mnu||||||||
=008  990211c19779999gw\br\poo\\\\\0\\\\0engrc
=FMT  \\$a  SE
=010  \\$a2004233427
=022  0\$a1432-5195$l0341-2695$y0341-2695$26
=035  \\$a(OCoLC)40773210
=037  \\$a???$bSpringer
=040  \\$aRIU$cRIU$dVPI$dOCL$dOCLCQ$dGUA$dOCLCQ$dMUQ$dOCL$dOCLCQ$dCLU$dUk
=042  \\$aukblsr
=050  14$aRD701
=082  04$a616.7$223
=130  0\$aInternational orthopaedics (Online)
=210  0\$aInt. orthop.$b(Internet)
=222  \0$aInternational orthopaedics$b(Internet)
=245  10$aInternational orthopaedics$h[electronic resource].
=260  \\$aHeidelberg :$bSpringer-Verlag Heidelberg
=310  \\$aBimonthly,$b1993-
=321  \\$aQuarterly,$b1977-1992
=336  \\$atext$2rdacontent
=337  \\$acomputer$2rdamedia
=338  \\$aonline resource$2rdacarrier
=362  1\$aPrint began with v. 1, published in 1977.
=550  \\$aOfficial journal of the Société internationale de chirurgie orthopédique et de traumatologie.
=588  \\$aDescription based on: Vol. 20, no. 1 (Feb. 1996); title from contents screen (Springer LINK, viewed Mar. 26, 2004).
=588  \\$aLatest issue consulted: Vol. 35, no. 9 (Sept. 2011) (SpringerLink, viewed Aug. 30, 2011).
=540  \\$aCurrent copyright fee: GBP34.95$c22\1$5Uk
=650  \0$aOrthopedics$vPeriodicals.
=710  2\$aSociété internationale de chirurgie orthopédique et de traumatologie.
=776  08$iPrint version:$tInternational orthopaedics$x0341-2695
=787  1\$aSociété internationale de chirurgie orthopédique et de traumatologie.$tSICOT news
=859  \\$aELD$bejournal
=856  \\$31850-9999$uhttp://www.springer.com/gb/$xBLDSS
=856  40$uhttp://www.springerlink.com/content/0341-2695/
=856  40$uhttp://www.springerlink.com/link.asp?id=100518
=859  \\$aXLD$bejournal
=852  41$aBritish Library$bDSC$j4544.856000$3Volume 25:Issue 1(2001)-Volume 42:Issue 3(2018)***See ESTAR for full holdings.
=852  41$aBritish Library$bHMNTS$jELD Digital store$3Volume 42:Issue 3(2018)-
=945  \\$aINTERNATIONAL ORTHOPAEDICS.
=959  \\$fHeld but not currently received
=979  \\$aBritish Library$bDSC$j4544.856000
=CAT  \\$a7750$b40$c20050123$lBLL01$h1153
=CAT  \\$aBATCH-UPD$b00$c20150820$lBLL01$h1837
=CAT  \\$aIPL-CLA$c20150930$lBLL01$h1806
=CAT  \\$aBATCH-UPD$b00$c20160217$lBLL01$h1727
=CAT  \\$aIPL-CLA$c20160331$lBLL01$h1726
=CAT  \\$aBATCH-UPD$b00$c20160524$lBLL01$h2210
=CAT  \\$aBATCH-UPD$b00$c20160525$lBLL01$h0018
=CAT  \\$aBATCH-UPD$b00$c20160824$lBLL01$h1755
=CAT  \\$aIPL-CLA$c20160930$lBLL01$h1603
=CAT  \\$aBATCH-UPD$b00$c20170216$lBLL01$h1843
=CAT  \\$aIPL-CLA$c20170331$lBLL01$h1844
=CAT  \\$aBATCH-UPD$b00$c20170904$lBLL01$h1851
=CAT  \\$aIPL-CLA$c20170929$lBLL01$h1728
=CAT  \\$aBATCH-UPD$b00$c20180223$lBLL01$h1720
=CAT  \\$aIPL-CLA$c20180331$lBLL01$h1620
=CAT  \\$aW1805-0475$c20180520$lBLL01$h1631
=CAT  \\$aBATCH-UPD$b00$c20180524$lBLL01$h1713
=CAT  \\$aIPL-CLA$c20180630$lBLL01$h1916
=CAT  \\$aW1908-0780$b00$c20200730$lBLL01$h1327
=CAT  \\$a15190$b40$c20201217$lBLL01$h1129
=CAT  \\$a5552$b40$c20210813$lBLL01$h1214
=CAT  \\$aIPL-CLA$c20210930$lBLL01$h1528
=CAT  \\$aCDS21$c20220118$lBLL01$h1105
=CAT  \\$aBATCH-UPD$b00$c20221121$lBLL01$h1411
=CAT  \\$a5410$b40$c20221203$lBLL01$h1049
=CAT  \\$aIPL-CLA$c20221231$lBLL01$h1445
=CFI  0\$aCurrent copyright fee: GBP34.95$c22\1$e01-jan-2023$fGBP34.95$g0$hP$5Uk
=CFI  2\$aPrevious copyright fee: GBP43.00$c22\1$e01-oct-2021$fGBP43.00$g0$hP$5Uk
=EST  \\$a1
=FFP  \\$aY$bBLDSS-3PM
=FIN  \\$aY$d20110830
=LKR  \\$aPAR$b009859413$lBLL01$r776$mInternational orthopaedics (Online)$nInternational orthopaedics (Print)
=MNI  \\$a0341-2695
=SID  \\$aZ39$bOCLC
=TCO  \\$aDEU$bVG WORT$c008
=TOC  \\$aETOC
=UNO  \\$aY
=ACF  \\$aPrevious copyright fee: GBP16.67$c22\3$e01-jan-2006$fGBP16.67$g0$hP$5Uk
=ACF  \\$aPrevious copyright fee: GBP16.22$c22\3$e01-apr-2005$fGBP16.22$g0$hP$5Uk
=ACF  \\$aPrevious copyright fee: GBP16.67$c22\3$e01-jan-2005$fGBP16.67$g0$hP$5Uk
=ACF  \\$aPrevious copyright fee: GBP17.14$c22\3$e01-apr-2006$fGBP17.14$g0$hP$5Uk
=ACF  \\$aPrevious copyright fee: GBP22.00$c22\3$e12-aug-2012$fGBP22.00$g0$hP$5Uk
=ACF  \\$aPrevious copyright fee: GBP25.00$c22\3$e01-jan-2013$fGBP25.00$g0$hP$5Uk
=ACF  \\$aPrevious copyright fee: GBP25.77$c22\3$e01-jul-2013$fGBP25.77$g0$hP$5Uk
=ACF  \\$aPrevious copyright fee: GBP24.97$c22\3$e01-jan-2014$fGBP24.97$g0$hP$5Uk
=ACF  \\$aPrevious copyright fee: GBP24.21$c22\3$e01-jul-2014$fGBP24.21$g0$hP$5Uk
=ACF  \\$aPrevious copyright fee: GBP25.77$c22\3$e01-apr-2015$fGBP25.77$g0$hP$5Uk
=ACF  \\$aPrevious copyright fee: GBP26.63$c22\3$e01-jul-2015$fGBP26.63$g0$hP$5Uk
=ACF  \\$aPrevious copyright fee: GBP25.77$c22\3$e01-oct-2015$fGBP25.77$g0$hP$5Uk
=ACF  \\$aPrevious copyright fee: GBP27.55$c22\3$e01-apr-2016$fGBP27.55$g0$hP$5Uk
=ACF  \\$aPrevious copyright fee: GBP29.59$c22\3$e01-oct-2016$fGBP29.59$g0$hP$5Uk
=ACF  \\$aPrevious copyright fee: GBP31.96$c22\3$e01-apr-2017$fGBP31.96$g0$hP$5Uk
=ACF  \\$aPrevious copyright fee: GBP30.73$c22\3$e01-oct-2017$fGBP30.73$g0$hP$5Uk
=ACF  \\$aPrevious copyright fee: GBP28.54$c22\3$e01-apr-2018$fGBP28.54$g0$hP$5Uk
=ACF  \\$aPrevious copyright fee: GBP34.00$c22\1$e01-jul-2018$fGBP34.00$g0$hP$5Uk
=LAS  \\$aIPL-CLA$b00$c20221231$lBLL01$h1445

