=LDR  05985cas a2201309 a 4500
=001  013089704
=003  Uk
=005  20221231144556.0
=006  m\\\\\\\\d\\\\\\\\
=007  cr\cnu||||||||
=008  980219c19959999gw\mr\pso\\\\\0\\\a0eng\d
=FMT  \\$a  SE
=010  \\$asn 99040894
=016  7\$a9806569$2DNLM
=016  7\$aSR0084675$2DNLM
=022  \\$a0948-5023$l0948-5023
=035  \\$a(OCoLC)38472336$z(OCoLC)44356497$z(OCoLC)51393940
=037  \\$a???$bSpringer
=040  \\$aCOD$cCOD$dNLM$dOCLCQ$dMUQ$dCUS$dVRC$dOCLCQ$dUk
=042  \\$aukblsr
=050  \4$aQD480$b.J68
=060  10$aW1
=130  0\$aJournal of molecular modeling (Online)
=210  10$aJ. Mol. Model.$b(Internet)
=222  \0$aJournal of molecular modeling$b(Internet)
=245  10$aJournal of molecular modeling$h[electronic resource].
=260  \\$aBerlin :$bSpringer,$cc1996-
=310  \\$aTwelve no. a year
=336  \\$atext$2rdacontent
=337  \\$acomputer$2rdamedia
=338  \\$aonline resource$2rdacarrier
=362  0\$aVol. 1, issue 1 (1995)-
=588  \\$aTitle from homepage (viewed Feb. 18, 1998).
=588  \\$aLatest issue consulted: Vol. 11, no. 1 (Mar. 2010), (SpringerLink, viewed Sept. 6, 2011).
=515  \\$aNumbering in preliminary table of contents is abbreviated (i.e., 1/1, 1/2, etc.).
=515  \\$aSome no. issued together.
=530  \\$aAnnual archival volumes available in print with title: Molecular modeling annual, and on CD-ROM with title: Journal of molecular modeling.
=538  \\$aMode of access: World Wide Web.
=540  \\$aCurrent copyright fee: GBP29.95$c22\1$5Uk
=650  \0$aMolecules$xModels$vPeriodicals.
=650  \0$aMolecular structure$xMathematical models$vPeriodicals.
=650  \0$aMolecular structure$xData processing$vPeriodicals.
=730  0\$aMolecular modeling annual.
=776  1\$tMolecular modeling annual$x0949-183X
=776  1\$tJournal of molecular modeling$x1430-8622
=859  \\$aELD$bejournal
=856  \\$31850-9999$uhttp://www.springer.com/gb/$xBLDSS
=856  40$uhttp://link.springer.de/link/service/journals/00894/index.htm
=856  40$uhttp://www.springerlink.com/content/1432-5012/
=859  \\$aXLD$bejournal
=852  41$aBritish Library$bDSC$j5020.716480$3Volume 7:Issue 1/3(2001)-Volume 24:Issue 4(2018)***See ESTAR for full holdings.
=852  41$aBritish Library$bHMNTS$jELD Digital store$3Volume 23:Issue 12(2017)-
=945  \\$aJournal of molecular modeling
=959  \\$fHeld but not currently received
=979  \\$aBritish Library$bDSC$j5020.716480
=985  \\$aCONFERENCE ANALYTIC RECORDS EXIST
=CAT  \\$a10902$b40$c20050123$lBLL01$h1314
=CAT  \\$aBATCH-UPD$b00$c20150520$lBLL01$h1750
=CAT  \\$aIPL-CLA$c20150630$lBLL01$h1646
=CAT  \\$aBATCH-UPD$b00$c20150820$lBLL01$h1837
=CAT  \\$aIPL-CLA$c20150930$lBLL01$h1806
=CAT  \\$aBATCH-UPD$b00$c20160217$lBLL01$h1727
=CAT  \\$aIPL-CLA$c20160331$lBLL01$h1726
=CAT  \\$aBATCH-UPD$b00$c20160524$lBLL01$h2210
=CAT  \\$aBATCH-UPD$b00$c20160525$lBLL01$h0019
=CAT  \\$aBATCH-UPD$b00$c20160824$lBLL01$h1755
=CAT  \\$aIPL-CLA$c20160930$lBLL01$h1603
=CAT  \\$aBATCH-UPD$b00$c20170216$lBLL01$h1843
=CAT  \\$aIPL-CLA$c20170331$lBLL01$h1844
=CAT  \\$aBATCH-UPD$b00$c20170904$lBLL01$h1851
=CAT  \\$aIPL-CLA$c20170929$lBLL01$h1728
=CAT  \\$aBATCH-UPD$b00$c20180223$lBLL01$h1720
=CAT  \\$aIPL-CLA$c20180331$lBLL01$h1620
=CAT  \\$aW1805-0475$c20180520$lBLL01$h1631
=CAT  \\$aBATCH-UPD$b00$c20180524$lBLL01$h1713
=CAT  \\$aIPL-CLA$c20180630$lBLL01$h1916
=CAT  \\$aW1908-0780$b00$c20200730$lBLL01$h1327
=CAT  \\$a15190$b40$c20210223$lBLL01$h1458
=CAT  \\$aCDS21$c20220118$lBLL01$h1105
=CAT  \\$aBATCH-UPD$b00$c20221121$lBLL01$h1400
=CAT  \\$a5410$b40$c20221204$lBLL01$h1425
=CAT  \\$aIPL-CLA$c20221231$lBLL01$h1445
=CFI  0\$aCurrent copyright fee: GBP29.95$c22\1$e01-jan-2023$fGBP29.95$g0$hP$5Uk
=CFI  2\$aPrevious copyright fee: GBP34.00$c22\1$e01-jul-2018$fGBP34.00$g0$hP$5Uk
=EST  \\$a1
=FFP  \\$aY$bBLDSS-3PM
=FIN  \\$aY$d20110906
=LKR  \\$aPAR$b010490908$lBLL01$r776$mJournal of molecular modeling (Online)$nJournal of molecular modeling (Print)
=MNI  \\$a1610-2940
=SID  \\$aZ39$bOCLC
=TCO  \\$aZZZ$c008
=TCO  \\$aDEU$bVG WORT$c008
=TOC  \\$aETOC
=UNO  \\$aY
=ACF  \\$aPrevious copyright fee: GBP16.67$c22\3$e01-jan-2006$fGBP16.67$g0$hP$5Uk
=ACF  \\$aPrevious copyright fee: GBP16.22$c22\3$e01-apr-2005$fGBP16.22$g0$hP$5Uk
=ACF  \\$aPrevious copyright fee: GBP16.67$c22\3$e01-jan-2005$fGBP16.67$g0$hP$5Uk
=ACF  \\$aPrevious Copyright Fee: GBP17.14$c22\3$e01-apr-2006$fGBP17.14$g0$hP$5Uk
=ACF  \\$aPrevious copyright fee: GBP22.00$c22\3$e12-aug-2012$fGBP22.00$g0$hP$5Uk
=ACF  \\$aPrevious copyright fee: GBP25.00$c22\3$e01-jan-2013$fGBP25.00$g0$hP$5Uk
=ACF  \\$aPrevious copyright fee: GBP25.77$c22\3$e01-jul-2013$fGBP25.77$g0$hP$5Uk
=ACF  \\$aPrevious copyright fee: GBP24.97$c22\3$e01-jan-2014$fGBP24.97$g0$hP$5Uk
=ACF  \\$aPrevious copyright fee: GBP24.21$c22\3$e01-jul-2014$fGBP24.21$g0$hP$5Uk
=ACF  \\$aPrevious copyright fee: GBP25.77$c22\3$e01-apr-2015$fGBP25.77$g0$hP$5Uk
=ACF  \\$aPrevious copyright fee: GBP26.63$c22\3$e01-jul-2015$fGBP26.63$g0$hP$5Uk
=ACF  \\$aPrevious copyright fee: GBP25.77$c22\3$e01-oct-2015$fGBP25.77$g0$hP$5Uk
=ACF  \\$aPrevious copyright fee: GBP27.55$c22\3$e01-apr-2016$fGBP27.55$g0$hP$5Uk
=ACF  \\$aPrevious copyright fee: GBP29.59$c22\3$e01-oct-2016$fGBP29.59$g0$hP$5Uk
=ACF  \\$aPrevious copyright fee: GBP31.96$c22\3$e01-apr-2017$fGBP31.96$g0$hP$5Uk
=ACF  \\$aPrevious copyright fee: GBP30.73$c22\3$e01-oct-2017$fGBP30.73$g0$hP$5Uk
=ACF  \\$aPrevious copyright fee: GBP28.54$c22\3$e01-apr-2018$fGBP28.54$g0$hP$5Uk
=LAS  \\$aIPL-CLA$b00$c20221231$lBLL01$h1445

