=LDR  06086cas a2201321 a 4500
=001  013090482
=003  Uk
=005  20230703135351.0
=006  m\\\\\\\\d\\\\\\\\
=007  cr\cnu||||||||
=008  000110c19289999gw\mr\pss\\\\\0\\\b0ger\c
=FMT  \\$a  SE
=010  \\$a2008233696
=022  \\$a1433-0407$l0028-2804$y0028-2804
=035  \\$a(OCoLC)43247631$z(OCoLC)223562147
=037  \\$a???$bSpringer
=040  \\$aVPI$cVPI$dOCLCQ$dMUQ$dCGU$dOCL$dGUA$dOCLCQ$dUk
=042  \\$apcc$aukblsr
=050  14$aRC346
=082  04$a616.8005$223
=130  0\$aNervenarzt (Online)
=210  0\$aNervenarzt$b(Internet)
=222  \4$aDer Nervenarzt$b(Internet)
=245  14$aDer Nervenarzt$h[electronic resource].
=260  \\$aBerlin :$bSpringer
=310  \\$aMonthly
=336  \\$atext$2rdacontent
=337  \\$acomputer$2rdamedia
=338  \\$aonline resource$2rdacarrier
=362  1\$aPrint began in 1928.
=500  \\$aDescription based on: Vol. 68, no. 1 (Jan. 1997); title from contents screen (SpringerLink, viewed Apr. 23, 2008).
=500  \\$aLatest issue consulted: Vol. 82, no. 8 (Aug. 2011), viewed SpringerLink 31/08/11.
=510  0\$aChemical abstracts,$x0009-2258
=530  \\$aAlso issued in print.
=538  \\$aMode of access: World Wide Web.
=550  \\$aOrgan der Deutschen Gesellschaft für Psychiatrie, Psychotherapie und Nervenheilkunde; Mitteilungsblatt der Deutschen Gesellschaft für Neurologie und der Gesellschaft Österreichischer Nervenärzte und Psychiater.
=540  \\$aCurrent copyright fee: GBP34.95$c22\1$5Uk
=650  \0$aNeurology$vPeriodicals.
=650  \0$aMedicine, Psychosomatic$vPeriodicals.
=650  \6$aNeurologie$vPériodiques.
=650  \6$aNeuropsychiatrie$vPériodiques.
=776  0\$tNervenarzt$x0028-2804
=710  2\$aDeutsche Gesellschaft für Psychiatrie, Psychotherapie und Nervenheilkunde.
=710  2\$aDeutsche Gesellschaft für Neurologie.
=710  2\$aGesellschaft Österreichischer Nervenärzte und Psychiater.
=776  1\$tNervenarzt$x0028-2804
=859  \\$aELD$bejournal
=856  \\$31850-9999$uhttp://www.springer.com/gb/$xBLDSS
=856  40$uhttp://link.springer.de/link/service/journals/00115/index.htm
=856  40$uhttp://www.metapress.com/link.asp?id=100480
=856  40$uhttp://www.springerlink.com/content/0028-2804/67/
=859  \\$aXLD$bejournal
=852  \\$aBritish Library$bDSC$j6076.500000$3Volume 73:Issue 3(2002)-Volume 89:Issue 3(2018)***See ESTAR for full holdings.
=852  41$aBritish Library$bHMNTS$jELD Digital store$3Volume 89:Issue 2(2018)-
=945  \\$aNERVENARZT.
=959  \\$fHeld but not currently received
=979  \\$aBritish Library$bDSC$j6076.500000
=CAT  \\$a7174$b40$c20050124$lBLL01$h1441
=CAT  \\$aBATCH-UPD$b00$c20150820$lBLL01$h1837
=CAT  \\$aIPL-CLA$c20150930$lBLL01$h1806
=CAT  \\$aBATCH-UPD$b00$c20160217$lBLL01$h1727
=CAT  \\$aIPL-CLA$c20160331$lBLL01$h1727
=CAT  \\$aBATCH-UPD$b00$c20160524$lBLL01$h2210
=CAT  \\$aBATCH-UPD$b00$c20160525$lBLL01$h0019
=CAT  \\$aBATCH-UPD$b00$c20160824$lBLL01$h1755
=CAT  \\$aIPL-CLA$c20160930$lBLL01$h1603
=CAT  \\$aBATCH-UPD$b00$c20170216$lBLL01$h1843
=CAT  \\$aIPL-CLA$c20170331$lBLL01$h1844
=CAT  \\$aBATCH-UPD$b00$c20170904$lBLL01$h1851
=CAT  \\$aIPL-CLA$c20170929$lBLL01$h1728
=CAT  \\$aBATCH-UPD$b00$c20180223$lBLL01$h1720
=CAT  \\$aIPL-CLA$c20180331$lBLL01$h1620
=CAT  \\$aW1805-0475$c20180520$lBLL01$h1631
=CAT  \\$aBATCH-UPD$b00$c20180524$lBLL01$h1714
=CAT  \\$aIPL-CLA$c20180630$lBLL01$h1916
=CAT  \\$aW1908-0780$b00$c20200730$lBLL01$h1328
=CAT  \\$a15190$b40$c20201021$lBLL01$h1238
=CAT  \\$a5552$b40$c20210824$lBLL01$h0828
=CAT  \\$aIPL-CLA$c20210930$lBLL01$h1528
=CAT  \\$aCDS21$c20220118$lBLL01$h1105
=CAT  \\$aBATCH-UPD$b00$c20221121$lBLL01$h1411
=CAT  \\$aIPL-CLA$c20221231$lBLL01$h1445
=CAT  \\$a5410$b40$c20230703$lBLL01$h1353
=CFI  0\$aCurrent copyright fee: GBP34.95$c22\1$e01-jan-2023$fGBP34.95$g0$hP$5Uk
=CFI  2\$aPrevious copyright fee: GBP43.00$c22\1$e01-oct-2021$fGBP43.00$g0$hP$5Uk
=EST  \\$a1
=FFP  \\$aY$bBLDSS-3PM
=FIN  \\$aY$d20110831
=LKR  \\$aPAR$b012419170$lBLL01$r7760$mDer Nervenarzt$nNervenarzt
=MNI  \\$a0028-2804
=SID  \\$aZ39$bOCLC
=TCO  \\$aDEU$bVG WORT$c008
=TOC  \\$aETOC
=UNO  \\$aY
=ACF  \\$aPrevious copyright fee: GBP16.67$c22\3$e01-jan-2006$fGBP16.67$g0$hP$5Uk
=ACF  \\$aPrevious copyright fee: GBP16.22$c22\3$e01-apr-2005$fGBP16.22$g0$hP$5Uk
=ACF  \\$aPrevious copyright fee: GBP16.67$c22\3$e01-jan-2005$fGBP16.67$g0$hP$5Uk
=ACF  \\$aPrevious copyright fee: GBP17.14$c22\3$e01-apr-2006$fGBP17.14$g0$hP$5Uk
=ACF  \\$aPrevious copyright fee: GBP22.00$c22\3$e12-aug-2012$fGBP22.00$g0$hP$5Uk
=ACF  \\$aPrevious copyright fee: GBP25.00$c22\3$e01-jan-2013$fGBP25.00$g0$hP$5Uk
=ACF  \\$aPrevious copyright fee: GBP25.77$c22\3$e01-jul-2013$fGBP25.77$g0$hP$5Uk
=ACF  \\$aPrevious copyright fee: GBP24.97$c22\3$e01-jan-2014$fGBP24.97$g0$hP$5Uk
=ACF  \\$aPrevious copyright fee: GBP24.21$c22\3$e01-jul-2014$fGBP24.21$g0$hP$5Uk
=ACF  \\$aPrevious copyright fee: GBP25.77$c22\3$e01-apr-2015$fGBP25.77$g0$hP$5Uk
=ACF  \\$aPrevious copyright fee: GBP26.63$c22\3$e01-jul-2015$fGBP26.63$g0$hP$5Uk
=ACF  \\$aPrevious copyright fee: GBP25.77$c22\3$e01-oct-2015$fGBP25.77$g0$hP$5Uk
=ACF  \\$aPrevious copyright fee: GBP27.55$c22\3$e01-apr-2016$fGBP27.55$g0$hP$5Uk
=ACF  \\$aPrevious copyright fee: GBP29.59$c22\3$e01-oct-2016$fGBP29.59$g0$hP$5Uk
=ACF  \\$aPrevious copyright fee: GBP31.96$c22\3$e01-apr-2017$fGBP31.96$g0$hP$5Uk
=ACF  \\$aPrevious copyright fee: GBP30.73$c22\3$e01-oct-2017$fGBP30.73$g0$hP$5Uk
=ACF  \\$aPrevious copyright fee: GBP28.54$c22\3$e01-apr-2018$fGBP28.54$g0$hP$5Uk
=ACF  \\$aPrevious copyright fee: GBP34.00$c22\1$e01-jul-2018$fGBP34.00$g0$hP$5Uk
=LAS  \\$a5410$b40$c20230703$lBLL01$h1353

