=LDR  06201cas a2201333 a 4500
=001  013090592
=003  Uk
=005  20221231144557.0
=006  m\\\\\\\\d\\\\\\\\
=007  cr\cnu||||||||
=008  000119c19939999enkqr\pss\\\\\0\\\a0eng\c
=FMT  \\$a  SE
=010  \\$a2001229253
=015  \\$aGBB5G3626$2bnb
=022  0\$a1433-3058$y0941-0643
=035  \\$a(OCoLC)43312887$z(OCoLC)51321259
=037  \\$a???$bSpringer
=040  \\$aVPI$cVPI$dFUG$dOCLCQ$dMUQ$dOCL$dMYG$dOCLCQ$dPFM$dUk
=042  \\$apcc$aukblsr
=050  \4$aQA76.87
=082  04$a006.32$221
=130  0\$aNeural computing & applications (Online)
=210  0\$aNeural comput. appl.$b(Internet)
=222  \0$aNeural computing & applications$b(Internet)
=245  10$aNeural computing & applications$h[electronic resource].
=246  3\$aNeural computing and applications
=260  \\$aLondon :$bSpringer-Verlag
=260  3\$bSpringer,$aBerlin
=310  \\$aFour issues yearly
=336  \\$atext$2rdacontent
=337  \\$acomputer$2rdamedia
=338  \\$aonline resource$2rdacarrier
=362  1\$aBegan with: Vol. 1, no. 1 (Mar. 1993).
=588  \\$aDescription based on: Vol. 5, no. 1 (Mar. 1997); title from journal home page (SpringerLink, viewed July 17, 2009).
=588  \\$aLatest issue consulted: Vol. 20, no. 6 (Sept. 2011), (viewed Aug. 31, 2011).
=530  \\$aAlso issued in print.
=540  \\$aCurrent copyright fee: GBP29.95$c22\1$5Uk
=650  \0$aNeural networks (Computer science)$vPeriodicals.
=650  \0$aNeural circuitry$vPeriodicals.
=650  \0$aArtificial intelligence$vPeriodicals.
=650  \2$aNeural Networks (Computer)$vPeriodicals.
=650  \6$aRéseaux neuronaux (Informatique)$vPériodiques.
=650  \6$aRéseaux nerveux$vPériodiques.
=650  \6$aIntelligence artificielle$vPériodiques.
=776  1\$tNeural computing & applications$x0941-0643
=859  \\$aELD$bejournal
=856  \\$31850-9999$uhttp://www.springer.com/gb/$xBLDSS
=856  40$uhttp://www.springerlink.com/content/0941-0643/20/6/
=856  40$uhttp://www.springerlink.com/content/102827/
=859  \\$aXLD$bejournal
=852  \\$aBritish Library$bDSC$j6081.280250$3Volume 8:Issue 1(1999)-Volume 29:Issue 10(2018)***See ESTAR for full holdings.
=852  41$aBritish Library$bHMNTS$jELD Digital store$3Volume 27:Issue 1(2016)-
=945  \\$aNEURAL COMPUTING AND APPLICATIONS.
=959  \\$fHeld but not currently received
=979  \\$aBritish Library$bDSC$j6081.280250
=CAT  \\$a7174$b40$c20050124$lBLL01$h1537
=CAT  \\$aBATCH-UPD$b00$c20150820$lBLL01$h1844
=CAT  \\$aIPL-CLA$c20150930$lBLL01$h1806
=CAT  \\$a10806$b40$c20151112$lBLL01$h1319
=CAT  \\$a11433$b40$c20151114$lBLL01$h0940
=CAT  \\$aBATCH-UPD$b40$c20160217$lBLL01$h1735
=CAT  \\$aIPL-CLA$c20160331$lBLL01$h1727
=CAT  \\$aBATCH-UPD$b00$c20160524$lBLL01$h2210
=CAT  \\$aBATCH-UPD$b00$c20160525$lBLL01$h0019
=CAT  \\$aBATCH-UPD$b00$c20160824$lBLL01$h1801
=CAT  \\$aIPL-CLA$c20160930$lBLL01$h1603
=CAT  \\$aBATCH-UPD$b00$c20170216$lBLL01$h1850
=CAT  \\$aIPL-CLA$c20170331$lBLL01$h1844
=CAT  \\$aBATCH-UPD$b00$c20170904$lBLL01$h1859
=CAT  \\$aIPL-CLA$c20170929$lBLL01$h1728
=CAT  \\$aW1711-1005$c20171206$lBLL01$h1817
=CAT  \\$aBATCH-UPD$b00$c20180223$lBLL01$h1732
=CAT  \\$aIPL-CLA$c20180331$lBLL01$h1620
=CAT  \\$aW1805-0475$c20180520$lBLL01$h1631
=CAT  \\$aBATCH-UPD$b00$c20180524$lBLL01$h1720
=CAT  \\$aIPL-CLA$c20180630$lBLL01$h1916
=CAT  \\$aW1908-0780$b00$c20200730$lBLL01$h1328
=CAT  \\$aCDS21$c20220118$lBLL01$h1105
=CAT  \\$aBATCH-UPD$b00$c20221121$lBLL01$h1400
=CAT  \\$a5410$b40$c20221205$lBLL01$h1147
=CAT  \\$aIPL-CLA$c20221231$lBLL01$h1445
=CFI  0\$aCurrent copyright fee: GBP29.95$c22\1$e01-jan-2023$fGBP29.95$g0$hP$5Uk
=CFI  2\$aPrevious copyright fee: GBP34.00$c22\1$e01-jul-2018$fGBP34.00$g0$hP$5Uk
=EST  \\$a1
=FFP  \\$aY$bBLDSS-3PM
=FIN  \\$aY$d20110831
=LKR  \\$aPAR$b012420008$lBLL01$r776 1$mNeural computing & applications (Internet)$nNeural computing & applications (Print)
=MNI  \\$a0941-0643
=SID  \\$aZ39$bOCLC
=TCO  \\$aCLA$bCLA$c008
=TOC  \\$aETOC
=UNO  \\$aY
=ACF  \\$aPrevious copyright fee: GBP21.25$c22\7$e01-jan-2009$fGBP21.25$g0$hP$5Uk
=ACF  \\$aPrevious copyright fee: GBP16.75$c22\7$e01-jan-2007$fGBP16.75$g0$hP$5Uk
=ACF  \\$aPrevious copyright fee: GBP16.22$c22\7$e01-oct-2006$fGBP16.22$g0$hP$5Uk
=ACF  \\$aPrevious copyright fee: GBP17.14$c22\7$e01-apr-2006$fGBP17.14$g0$hP$5Uk
=ACF  \\$aPrevious copyright fee: GBP16.67$c22\7$e01-jan-2006$fGBP16.67$g0$hP$5Uk
=ACF  \\$aPrevious copyright fee: GBP16.22$c22\7$e01-apr-2005$fGBP16.22$g0$hP$5Uk
=ACF  \\$aPrevious copyright fee: GBP16.67$c22\7$e01-jan-2005$fGBP16.67$g0$hP$5Uk
=ACF  \\$aPrevious copyright fee: GBP22.00$c22\7$e01-apr-2009$fGBP22.00$g0$hP$5Uk
=ACF  \\$aPrevious copyright fee: GBP22.00$c22\7$e12-aug-2012$fGBP22.00$g0$hP$5Uk
=ACF  \\$aPrevious copyright fee: GBP25.00$c22\7$e01-jan-2013$fGBP25.00$g0$hP$5Uk
=ACF  \\$aPrevious copyright fee: GBP25.77$c22\7$e01-jul-2013$fGBP25.77$g0$hP$5Uk
=ACF  \\$aPrevious copyright fee: GBP24.97$c22\7$e01-jan-2014$fGBP24.97$g0$hP$5Uk
=ACF  \\$aPrevious copyright fee: GBP24.21$c22\7$e01-jul-2014$fGBP24.21$g0$hP$5Uk
=ACF  \\$aPrevious copyright fee: GBP25.77$c22\7$e01-apr-2015$fGBP25.77$g0$hP$5Uk
=ACF  \\$aPrevious copyright fee: GBP26.63$c22\7$e01-jul-2015$fGBP26.63$g0$hP$5Uk
=ACF  \\$aPrevious copyright fee: GBP25.77$c22\7$e01-oct-2015$fGBP25.77$g0$hP$5Uk
=ACF  \\$aPrevious copyright fee: GBP27.55$c22\7$e01-apr-2016$fGBP27.55$g0$hP$5Uk
=ACF  \\$aPrevious copyright fee: GBP29.59$c22\7$e01-oct-2016$fGBP29.59$g0$hP$5Uk
=ACF  \\$aPrevious copyright fee: GBP31.96$c22\7$e01-apr-2017$fGBP31.96$g0$hP$5Uk
=ACF  \\$aPrevious copyright fee: GBP30.73$c22\7$e01-oct-2017$fGBP30.73$g0$hP$5Uk
=ACF  \\$aPrevious copyright fee: GBP28.54$c22\7$e01-apr-2018$fGBP28.54$g0$hP$5Uk
=LAS  \\$aIPL-CLA$b00$c20221231$lBLL01$h1445

