=LDR  06000cas a2201309 a 4500
=001  013103508
=003  Uk
=005  20230511162851.0
=006  m\\\\\\\\d\\\\\\\\
=007  cr\cn|||||||||
=008  030318c19989999ja\br\pss\\\\\0\\\\0eng\c
=FMT  \\$a  SE
=010  \\$a2008233019
=022  0\$a1611-4663$y1435-0211
=035  \\$a(OCoLC)51873298$z(OCoLC)48528168
=037  \\$a???$bSpringer
=040  \\$aOUN$cOUN$dOCLCQ$dCGU$dOCL$dGUA$dOCLCQ$dUk
=042  \\$apcc
=050  14$aTA419.A1
=082  04$a620.12$223
=130  0\$aJournal of wood science (Online)
=222  \0$aJournal of wood science$b(Internet)
=245  10$aJournal of wood science$h[electronic resource].
=246  30$aWood science
=260  \\$a[Tokyo, Japan] :$bSpringer
=310  \\$aSix no. a year
=336  \\$atext$2rdacontent
=337  \\$acomputer$2rdamedia
=338  \\$aonline resource$2rdacarrier
=362  1\$aBegan with vol. 44, no. 1 (Feb. 1998).
=500  \\$aDescription based on first issue; title from contents screen (SpringerLink, viewed Jan. 4, 2008).
=500  \\$aLatest issue consulted: vol. 44, no. 4 (Aug. 2011), (viewed SpringerLink 21 Sept. 2011)..
=538  \\$aMode of access: World Wide Web.
=550  \\$aA publication of the Japan Wood Research Society.
=540  \\$aCurrent copyright fee: zero$c22\1$5Uk
=650  \0$aWood$vPeriodicals.
=710  2\$aNihon Mokuzai Gakkai.
=776  0\$tJournal of wood science$x1435-0211
=780  07$tMokuzai gakkai shi (Online)
=859  \\$aELD$bejournal
=856  \\$31850-9999$uhttp://www.springer.com/gb/$xBLDSS
=856  40$uhttp://link.springer.de/link/service/journals/10086/
=856  40$uhttp://www.metapress.com/link.asp?id=110257
=856  40$uhttp://www.springerlink.com/content/1435-0211
=856  40$uhttp://www.springerlink.com/link.asp?id=110257
=856  40$uhttp://www.springerlink.com/openurl.asp?genre=journal&issn=1435-0211
=859  \\$aXLD$bejournal
=852  41$aBritish Library$bDSC$j5072.635750$3Volume 44:Issue 1(1998)-Volume 64:Issue 2(2018)***See ESTAR for full holdings.
=852  41$aBritish Library$bHMNTS$jELD Digital store$3Volume 63:Issue 6(2017)-
=945  \\$aJournal of wood science
=959  \\$fHeld but not currently received
=979  \\$aBritish Library$bDSC$j5072.635750
=CAT  \\$a6524$b40$c20050205$lBLL01$h0730
=CAT  \\$aBATCH-UPD$b00$c20150520$lBLL01$h1805
=CAT  \\$aIPL-CLA$c20150630$lBLL01$h1646
=CAT  \\$aBATCH-UPD$b00$c20150820$lBLL01$h1851
=CAT  \\$aIPL-CLA$c20150930$lBLL01$h1806
=CAT  \\$aBATCH-UPD$b00$c20160217$lBLL01$h1743
=CAT  \\$aIPL-CLA$c20160331$lBLL01$h1727
=CAT  \\$aBATCH-UPD$b00$c20160524$lBLL01$h2210
=CAT  \\$aBATCH-UPD$b00$c20160525$lBLL01$h0021
=CAT  \\$aBATCH-UPD$b00$c20160824$lBLL01$h1809
=CAT  \\$aIPL-CLA$c20160930$lBLL01$h1603
=CAT  \\$aBATCH-UPD$b00$c20170216$lBLL01$h1858
=CAT  \\$aIPL-CLA$c20170331$lBLL01$h1844
=CAT  \\$aBATCH-UPD$b00$c20170904$lBLL01$h1909
=CAT  \\$aIPL-CLA$c20170929$lBLL01$h1729
=CAT  \\$aBATCH-UPD$b00$c20180223$lBLL01$h1742
=CAT  \\$aIPL-CLA$c20180331$lBLL01$h1620
=CAT  \\$aW1805-0475$c20180520$lBLL01$h1631
=CAT  \\$aBATCH-UPD$b00$c20180524$lBLL01$h1727
=CAT  \\$aIPL-CLA$c20180630$lBLL01$h1916
=CAT  \\$aW1908-0780$b00$c20200730$lBLL01$h1328
=CAT  \\$a11033$b40$c20200803$lBLL01$h1219
=CAT  \\$a15190$b40$c20210305$lBLL01$h1203
=CAT  \\$a12654$b40$c20210618$lBLL01$h1250
=CAT  \\$a5410$b40$c20221212$lBLL01$h1120
=CAT  \\$aBATCH-FIX$c20230511$lBLL01$h1628
=CFI  0\$aCurrent copyright fee: zero$c22\1$e18-jun-2021$fGBP0.00$g0$hP$5Uk
=CFI  2\$aPrevious copyright fee: GBP34.00$c22\1$e01-jul-2018$fGBP34.00$g0$hP$5Uk
=EST  \\$a1
=FFP  \\$aY$bBLDSS-3PM
=FIN  \\$aY$d20110921
=LKR  \\$aPAR$b010492793$lBLL01$r776$mJournal of wood science (Online)$nJournal of wood science.
=MNI  \\$a1435-0211
=SID  \\$aZ39$bOCLC
=TCO  \\$aZZZ$c008
=TCO  \\$aJPN$bJAACC$c008
=TOC  \\$aETOC
=UNO  \\$aY
=ACF  \\$aPrevious copyright fee: GBP28.54$c23\3$e01-apr-2018$fGBP28.54$g0$hP$5Uk
=ACF  \\$aPrevious copyright fee: GBP21.25$c23\3$e01-jan-2009$fGBP21.25$g0$hP$5Uk
=ACF  \\$aPrevious copyright fee: GBP16.75$c23\3$e01-jan-2007$fGBP16.75$g0$hP$5Uk
=ACF  \\$aPrevious copyright fee: GBP16.22$c23\3$e01-oct-2006$fGBP16.22$g0$hP$5Uk
=ACF  \\$aPrevious copyright fee: GBP17.14$c23\3$e01-apr-2006$fGBP17.14$g0$hP$5Uk
=ACF  \\$aPrevious copyright fee: GBP16.67$c23\3$e01-jan-2006$fGBP16.67$g0$hP$5Uk
=ACF  \\$aPrevious copyright fee: GBP16.22$c23\3$e01-apr-2005$fGBP16.22$g0$hP$5Uk
=ACF  \\$aPrevious copyright fee: GBP16.67$c23\3$e01-jan-2005$fGBP16.67$g0$hP$5Uk
=ACF  \\$aPrevious copyright fee: GBP22.00$c23\3$e01-apr-2009$fGBP22.00$g0$hP$5Uk
=ACF  \\$aPrevious copyright fee: GBP22.00$c23\3$e12-aug-2012$fGBP22.00$g0$hP$5Uk
=ACF  \\$aPrevious copyright fee: GBP25.00$c23\3$e01-jan-2013$fGBP25.00$g0$hP$5Uk
=ACF  \\$aPrevious copyright fee: GBP25.77$c23\3$e01-jul-2013$fGBP25.77$g0$hP$5Uk
=ACF  \\$aPrevious copyright fee: GBP24.97$c23\3$e01-jan-2014$fGBP24.97$g0$hP$5Uk
=ACF  \\$aPrevious copyright fee: GBP24.21$c23\3$e01-jul-2014$fGBP24.21$g0$hP$5Uk
=ACF  \\$aPrevious copyright fee: GBP25.77$c23\3$e01-apr-2015$fGBP25.77$g0$hP$5Uk
=ACF  \\$aPrevious copyright fee: GBP26.63$c23\3$e01-jul-2015$fGBP26.63$g0$hP$5Uk
=ACF  \\$aPrevious copyright fee: GBP25.77$c23\3$e01-oct-2015$fGBP25.77$g0$hP$5Uk
=ACF  \\$aPrevious copyright fee: GBP27.55$c23\3$e01-apr-2016$fGBP27.55$g0$hP$5Uk
=ACF  \\$aPrevious copyright fee: GBP29.59$c23\3$e01-oct-2016$fGBP29.59$g0$hP$5Uk
=ACF  \\$aPrevious copyright fee: GBP31.96$c23\3$e01-apr-2017$fGBP31.96$g0$hP$5Uk
=ACF  \\$aPrevious copyright fee: GBP30.73$c23\3$e01-oct-2017$fGBP30.73$g0$hP$5Uk
=LAS  \\$aBATCH-FIX$b00$c20230511$lBLL01$h1628

