=LDR  06138cas a2201345 a 4500
=001  013103534
=003  Uk
=005  20221231144605.0
=006  m\\\\\\\\d\\\\\\\\
=007  cr\mnu||||||||
=008  020418c19939999ja\br\pss\\\\\0\\\\0eng\c
=FMT  \\$a  SE
=010  \\$a2004233445
=022  0\$a1618-0860$y0918-9440
=035  \\$a(OCoLC)49613673
=037  \\$a???$bSpringer
=040  \\$aOUN$cOUN$dOCLCQ$dGUA$dOCLCQ$dOCL$dOCLCQ$dUk
=042  \\$apcc
=043  \\$aa-ja---
=050  14$aQK1
=082  04$a580.5$223
=130  0\$aJournal of plant research (Online)
=210  0\$aJ. plant res.$b(Internet)
=222  \0$aJournal of plant research$b(Internet)
=245  10$aJournal of plant research$h[electronic resource].
=246  17$aJ plant res
=260  \\$aTokyo :$bSpringer-Verlag Tokyo
=310  \\$aBimonthly,$b2002-
=321  \\$aQuarterly,$b<1999>-2001
=336  \\$atext$2rdacontent
=337  \\$acomputer$2rdamedia
=338  \\$aonline resource$2rdacarrier
=362  1\$aPrint began with vol. 106, no. 1081 (Mar. 1993).
=588  \\$aDescription based on: Vol. 112, no. 1 (Mar. 1999) (Springer LINK, viewed Apr. 1, 2004).
=588  \\$aLatest issue consulted: vol. 124, no. 5 (Sept. 2011), viewed 21/09/11.
=515  \\$a<Vol. 112, no. 1 (Mar. 1999)>-v. 115, no. 2 (Apr. 2002) called also <Ser. 1105>-ser. 1118.
=538  \\$aMode of access: World Wide Web.
=550  \\$aIssued by the Botanical Society of Japan.
=540  \\$aCurrent copyright fee: GBP29.95$c22\1$5Uk
=650  \0$aBotany$vPeriodicals.
=650  \0$aBotany$zJapan$vPeriodicals.
=710  2\$aNihon Shokubutsu Gakkai.
=776  08$iPrint version:$tJournal of plant research$x0918-9440
=859  \\$aELD$bejournal
=856  \\$31850-9999$uhttp://www.springer.com/gb/$xBLDSS
=856  40$uhttp://www.springerlink.com/content/0918-9440
=856  40$uhttp://www.springerlink.com/link.asp?id=108924
=856  40$uhttp://www.springerlink.com/openurl.asp?genre=journal&eissn=1618-0860
=859  \\$aXLD$bejournal
=852  41$aBritish Library$bDSC$j5040.522000$3Volume 110:Issue 2(1997)-Volume 131:Issue 2(2018)***See ESTAR for full holdings.
=852  41$aBritish Library$bHMNTS$jELD Digital store$3Volume 131:Issue 1(2018)-
=945  \\$aJOURNAL OF PLANT RESEARCH.
=959  \\$fHeld but not currently received
=979  \\$aBritish Library$bDSC$j5040.522000
=985  \\$aCONFERENCE ANALYTIC RECORDS EXIST
=CAT  \\$a10902$b40$c20050205$lBLL01$h0840
=CAT  \\$aBATCH-UPD$b00$c20150520$lBLL01$h1805
=CAT  \\$aIPL-CLA$c20150630$lBLL01$h1646
=CAT  \\$aBATCH-UPD$b00$c20150820$lBLL01$h1851
=CAT  \\$aIPL-CLA$c20150930$lBLL01$h1806
=CAT  \\$aBATCH-UPD$b00$c20160217$lBLL01$h1743
=CAT  \\$aIPL-CLA$c20160331$lBLL01$h1727
=CAT  \\$aBATCH-UPD$b00$c20160524$lBLL01$h2210
=CAT  \\$aBATCH-UPD$b00$c20160525$lBLL01$h0021
=CAT  \\$aBATCH-UPD$b00$c20160824$lBLL01$h1809
=CAT  \\$aIPL-CLA$c20160930$lBLL01$h1603
=CAT  \\$aBATCH-UPD$b00$c20170216$lBLL01$h1858
=CAT  \\$aIPL-CLA$c20170331$lBLL01$h1844
=CAT  \\$aBATCH-UPD$b00$c20170904$lBLL01$h1909
=CAT  \\$aIPL-CLA$c20170929$lBLL01$h1729
=CAT  \\$aBATCH-UPD$b00$c20180223$lBLL01$h1742
=CAT  \\$aIPL-CLA$c20180331$lBLL01$h1620
=CAT  \\$aW1805-0475$c20180520$lBLL01$h1631
=CAT  \\$aBATCH-UPD$b00$c20180524$lBLL01$h1727
=CAT  \\$aIPL-CLA$c20180630$lBLL01$h1916
=CAT  \\$aW1908-0780$b00$c20200730$lBLL01$h1328
=CAT  \\$a15190$b40$c20210303$lBLL01$h1002
=CAT  \\$aCDS21$c20220118$lBLL01$h1105
=CAT  \\$aBATCH-UPD$b00$c20221121$lBLL01$h1400
=CAT  \\$a5410$b40$c20221212$lBLL01$h1127
=CAT  \\$aIPL-CLA$c20221231$lBLL01$h1446
=CFI  0\$aCurrent copyright fee: GBP29.95$c22\1$e01-jan-2023$fGBP29.95$g0$hP$5Uk
=CFI  2\$aPrevious copyright fee: GBP34.00$c22\1$e01-jul-2018$fGBP34.00$g0$hP$5Uk
=EST  \\$a1
=FFP  \\$aY$bBLDSS-3PM
=FIN  \\$aY$d20110921
=LKR  \\$aPAR$b008214379$lBLL01$r776$mJournal of plant research (Online)$nJournal of plant research.
=MNI  \\$a0918-9440
=SID  \\$aZ39$bOCLC
=TCO  \\$aZZZ$c008
=TCO  \\$aJPN$bJAACC$c008
=TOC  \\$aETOC
=UNO  \\$aY
=ACF  \\$aPrevious copyright fee: GBP21.25$c23\3$e01-jan-2009$fGBP21.25$g0$hP$5Uk
=ACF  \\$aPrevious copyright fee: GBP16.75$c23\3$e01-jan-2007$fGBP16.75$g0$hP$5Uk
=ACF  \\$aPrevious copyright fee: GBP16.22$c23\3$e01-oct-2006$fGBP16.22$g0$hP$5Uk
=ACF  \\$aPrevious copyright fee: GBP17.14$c23\3$e01-apr-2006$fGBP17.14$g0$hP$5Uk
=ACF  \\$aPrevious copyright fee: GBP16.67$c23\3$e01-jan-2006$fGBP16.67$g0$hP$5Uk
=ACF  \\$aPrevious copyright fee: GBP16.22$c23\3$e01-apr-2005$fGBP16.22$g0$hP$5Uk
=ACF  \\$aPrevious copyright fee: GBP16.67$c23\3$e01-jan-2005$fGBP16.67$g0$hP$5Uk
=ACF  \\$aPrevious copyright fee: GBP22.00$c23\3$e01-apr-2009$fGBP22.00$g0$hP$5Uk
=ACF  \\$aPrevious copyright fee: GBP22.00$c23\3$e12-aug-2012$fGBP22.00$g0$hP$5Uk
=ACF  \\$aPrevious copyright fee: GBP25.00$c23\3$e01-jan-2013$fGBP25.00$g0$hP$5Uk
=ACF  \\$aPrevious copyright fee: GBP25.77$c23\3$e01-jul-2013$fGBP25.77$g0$hP$5Uk
=ACF  \\$aPrevious copyright fee: GBP24.97$c23\3$e01-jan-2014$fGBP24.97$g0$hP$5Uk
=ACF  \\$aPrevious copyright fee: GBP24.21$c23\3$e01-jul-2014$fGBP24.21$g0$hP$5Uk
=ACF  \\$aPrevious copyright fee: GBP25.77$c23\3$e01-apr-2015$fGBP25.77$g0$hP$5Uk
=ACF  \\$aPrevious copyright fee: GBP26.63$c23\3$e01-jul-2015$fGBP26.63$g0$hP$5Uk
=ACF  \\$aPrevious copyright fee: GBP25.77$c23\3$e01-oct-2015$fGBP25.77$g0$hP$5Uk
=ACF  \\$aPrevious copyright fee: GBP27.55$c23\3$e01-apr-2016$fGBP27.55$g0$hP$5Uk
=ACF  \\$aPrevious copyright fee: GBP29.59$c23\3$e01-oct-2016$fGBP29.59$g0$hP$5Uk
=ACF  \\$aPrevious copyright fee: GBP31.96$c23\3$e01-apr-2017$fGBP31.96$g0$hP$5Uk
=ACF  \\$aPrevious copyright fee: GBP30.73$c23\3$e01-oct-2017$fGBP30.73$g0$hP$5Uk
=ACF  \\$aPrevious copyright fee: GBP28.54$c23\3$e01-apr-2018$fGBP28.54$g0$hP$5Uk
=LAS  \\$aIPL-CLA$b00$c20221231$lBLL01$h1446

