=LDR  06203cas a2201309 a 4500
=001  013103571
=003  Uk
=005  20230421200436.0
=006  m\\\\\\\\d\\\\\\\\
=007  cr\mnu||||||||
=008  971015c19939999gw\bx\p\o\\\\\0\\\a0eng\c
=FMT  \\$a  SE
=010  \\$a2004233550
=022  \\$a1352-8661
=035  \\$a(OCoLC)37788384$z(OCoLC)46324975$z(OCoLC)54617410$z(OCoLC)61570372
=037  \\$a???$bSpringer
=040  \\$aF#A$cF#A$dOCL$dOCLCQ$dGUA$dOCLCQ$dDLM$dFQM$dOCLCQ$dOCL$dOCLCS$dLGG$dOCLCQ$dNSD$dU9S$dMYG$dUk
=042  \\$aukblsr
=050  14$aRC78.7.N83
=082  04$a616.07548$223
=130  0\$aMagma (New York, N.Y. : Online)
=245  10$aMAGMA$h[electronic resource].
=246  3\$aMagnetic resonance materials in physics, biology and medicine
=260  \\$aNew York, NY :$bChapman & Hall,$cc1993-
=260  2\$3<1998-2002>:$a[Amsterdam] :$bElsevier
=260  3\$3<2003->:$a[Berlin] :$bSpringer
=310  \\$a6 issues yearly,$b<2003->
=321  \\$aQuarterly,$b1993-<2002>
=336  \\$atext$2rdacontent
=337  \\$acomputer$2rdamedia
=338  \\$aonline resource$2rdacarrier
=362  1\$aBegan with v. 1, no. 1 (Mar. 1993).
=588  \\$aDescription based on: Vol. 1, no.1 (Mar. 1993); title from pdf of editorial p. (SpringerLink, viewed Nov. 2, 2009).
=588  \\$aLatest issue consulted: Vol. 24, no. 5 (Oct. 2011) (SpringerLink, viewed Oct. 11, 2011).
=540  \\$aCurrent copyright fee: GBP34.95$c22\1$5Uk
=650  \0$aMagnetic resonance imaging$vPeriodicals.
=650  \0$aMagnetic resonance$vPeriodicals.
=776  08$iPrint version:$tMagma (New York, N.Y.)$x0968-5243
=859  \\$aELD$bejournal
=856  \\$31850-9999$uhttp://www.springer.com/gb/$xBLDSS
=856  40$uhttp://www.sciencedirect.com/science/journal/13528661
=856  40$uhttp://www.sciencedirect.com/science/journal/latest/13528661
=856  40$uhttp://www.springerlink.com/content/0968-5243/
=856  40$uhttp://www.springerlink.com/link.asp?id=110373
=856  40$uhttp://www.springerlink.com/openurl.asp?genre=journal&issn=0968-5243
=859  \\$aXLD$bejournal
=852  41$aBritish Library$bDSC$j5334.854000$3Volume 11:Issue 1/2(2000)-Volume 31:Issue 1(2018)***See ESTAR for full holdings.
=852  41$aBritish Library$bHMNTS$jELD Digital store$3Volume 31:Issue 1(2018)-
=945  \\$aMagma -London and New York-
=959  \\$fHeld but not currently received
=979  \\$aBritish Library$bDSC$j5334.854000
=CAT  \\$a6524$b40$c20050205$lBLL01$h1013
=CAT  \\$aIPL-CLA$c20150930$lBLL01$h1806
=CAT  \\$aBATCH-UPD$b00$c20160217$lBLL01$h1735
=CAT  \\$aIPL-CLA$c20160331$lBLL01$h1727
=CAT  \\$aBATCH-UPD$b00$c20160524$lBLL01$h2210
=CAT  \\$aBATCH-UPD$b00$c20160525$lBLL01$h0021
=CAT  \\$aBATCH-UPD$b00$c20160824$lBLL01$h1801
=CAT  \\$aIPL-CLA$c20160930$lBLL01$h1603
=CAT  \\$aBATCH-UPD$b00$c20170216$lBLL01$h1850
=CAT  \\$aIPL-CLA$c20170331$lBLL01$h1844
=CAT  \\$aBATCH-UPD$b00$c20170904$lBLL01$h1859
=CAT  \\$aIPL-CLA$c20170929$lBLL01$h1729
=CAT  \\$aBATCH-UPD$b00$c20180223$lBLL01$h1732
=CAT  \\$aIPL-CLA$c20180331$lBLL01$h1620
=CAT  \\$aW1805-0475$c20180520$lBLL01$h1631
=CAT  \\$aBATCH-UPD$b00$c20180524$lBLL01$h1720
=CAT  \\$aIPL-CLA$c20180630$lBLL01$h1916
=CAT  \\$aW1908-0780$b00$c20200730$lBLL01$h1329
=CAT  \\$a5552$b40$c20200818$lBLL01$h1402
=CAT  \\$a15190$b40$c20210309$lBLL01$h1146
=CAT  \\$a5552$b40$c20210823$lBLL01$h1040
=CAT  \\$aIPL-CLA$c20210930$lBLL01$h1528
=CAT  \\$aCDS21$c20220118$lBLL01$h1105
=CAT  \\$aBATCH-UPD$b00$c20221121$lBLL01$h1411
=CAT  \\$aIPL-CLA$c20221231$lBLL01$h1446
=CAT  \\$a5410$b40$c20230421$lBLL01$h2004
=CFI  0\$aCurrent copyright fee: GBP34.95$c22\1$e01-jan-2023$fGBP34.95$g0$hP$5Uk
=CFI  2\$aPrevious copyright fee: GBP43.00$c22\1$e01-oct-2021$fGBP43.00$g0$hP$5Uk
=EST  \\$a1
=FFP  \\$aY$bBLDSS-3PM
=FIN  \\$aY$d20111011
=LKR  \\$aPAR$b011131075$lBLL01$r776$mMagma (Online)$nMagma (Print)
=MNI  \\$a0968-5243
=SID  \\$aZ39$bOCLC
=TCO  \\$aZZZ$c008
=TCO  \\$aCLA$bCLA$c008
=TOC  \\$aETOC
=UNO  \\$aY
=ACF  \\$aPrevious copyright fee: GBP21.25$c22\7$e01-jan-2009$fGBP21.25$g0$hP$5Uk
=ACF  \\$aPrevious copyright fee: GBP16.75$c22\7$e01-jan-2007$fGBP16.75$g0$hP$5Uk
=ACF  \\$aPrevious copyright fee: GBP16.22$c22\7$e01-oct-2006$fGBP16.22$g0$hP$5Uk
=ACF  \\$aPrevious copyright fee: GBP17.14$c22\7$e01-apr-2006$fGBP17.14$g0$hP$5Uk
=ACF  \\$aPrevious copyright fee: GBP16.67$c22\7$e01-jan-2006$fGBP16.67$g0$hP$5Uk
=ACF  \\$aPrevious copyright fee: GBP16.22$c22\7$e01-apr-2005$fGBP16.22$g0$hP$5Uk
=ACF  \\$aPrevious copyright fee: GBP16.67$c22\7$e01-jan-2005$fGBP16.67$g0$hP$5Uk
=ACF  \\$aPrevious copyright fee: GBP22.00$c22\7$e01-apr-2009$fGBP22.00$g0$hP$5Uk
=ACF  \\$aPrevious copyright fee: GBP22.00$c22\7$e12-aug-2012$fGBP22.00$g0$hP$5Uk
=ACF  \\$aPrevious copyright fee: GBP25.00$c22\7$e01-jan-2013$fGBP25.00$g0$hP$5Uk
=ACF  \\$aPrevious copyright fee: GBP25.77$c22\7$e01-jul-2013$fGBP25.77$g0$hP$5Uk
=ACF  \\$aPrevious copyright fee: GBP24.97$c22\7$e01-jan-2014$fGBP24.97$g0$hP$5Uk
=ACF  \\$aPrevious copyright fee: GBP24.21$c22\7$e01-jul-2014$fGBP24.21$g0$hP$5Uk
=ACF  \\$aPrevious copyright fee: GBP25.77$c22\7$e01-apr-2015$fGBP25.77$g0$hP$5Uk
=ACF  \\$aPrevious copyright fee: GBP26.63$c22\7$e01-jul-2015$fGBP26.63$g0$hP$5Uk
=ACF  \\$aPrevious copyright fee: GBP25.77$c22\7$e01-oct-2015$fGBP25.77$g0$hP$5Uk
=ACF  \\$aPrevious copyright fee: GBP27.55$c22\7$e01-apr-2016$fGBP27.55$g0$hP$5Uk
=ACF  \\$aPrevious copyright fee: GBP29.59$c22\7$e01-oct-2016$fGBP29.59$g0$hP$5Uk
=ACF  \\$aPrevious copyright fee: GBP31.96$c22\7$e01-apr-2017$fGBP31.96$g0$hP$5Uk
=ACF  \\$aPrevious copyright fee: GBP30.73$c22\7$e01-oct-2017$fGBP30.73$g0$hP$5Uk
=ACF  \\$aPrevious copyright fee: GBP28.54$c22\7$e01-apr-2018$fGBP28.54$g0$hP$5Uk
=ACF  \\$aPrevious copyright fee: GBP34.00$c22\1$e01-jul-2018$fGBP34.00$g0$hP$5Uk
=LAS  \\$a5410$b40$c20230421$lBLL01$h2004

