=LDR  05409cas a2201225 a 4500
=001  013103764
=003  Uk
=005  20221231144606.0
=006  m\\\\\\\\d\\\\\\\\
=007  cr\mnu||||||||
=008  981001c19259999gw\\x\pso\\\\\0\\\a0eng\c
=FMT  \\$a  SE
=010  \\$a2004233233
=022  0\$a1432-2048$l0032-0935$y0032-0935
=035  \\$a(OCoLC)39973170
=037  \\$a???$bSpringer
=040  \\$aPIT$cPIT$dOCL$dOCLCQ$dGUA$dOCLCQ$dMUQ$dOCL$dOCLCQ$dUk
=041  0\$aeng$afre$ager
=042  \\$aukblsr
=050  14$aQK1
=082  04$a580.5$223
=130  0\$aPlanta (Online)
=222  \0$aPlanta$b(Berlin. Internet)
=245  10$aPlanta$h[electronic resource].
=260  \\$a[Berlin] :$bSpringer-Verlag
=310  \\$aIrregular
=336  \\$atext$2rdacontent
=337  \\$acomputer$2rdamedia
=338  \\$aonline resource$2rdacarrier
=362  1\$aPrint began with 1. Bd., 3. Heft. (7 Dez. 1925).
=588  \\$aDescription based on: Vol. 201, no. 3 (Mar. 1997); title from contents screen (Springer LINK, viewed Mar. 1, 2004).
=588  \\$aLatest issue consulted: Vol. 234, no. 4 (Oct. 2011), viewed Oct. 11, 2011.
=510  2\$aChemical abstracts,$x0009-2258
=525  \\$aSupplements accompany some volumes.
=538  \\$aMode of access: World Wide Web.
=546  \\$aText in English, French or German with summaries in English.
=540  \\$aCurrent copyright fee: GBP29.95$c22\1$5Uk
=650  \0$aBotany$vPeriodicals.
=776  08$iPrint version:$tPlanta$x0032-0935
=859  \\$aELD$bejournal
=856  \\$31850-9999$uhttp://www.springer.com/gb/$xBLDSS
=856  40$uhttp://www.springerlink.com/content/0032-0935/
=856  40$uhttp://www.springerlink.com/link.asp?id=100484
=859  \\$aXLD$bejournal
=852  41$aBritish Library$bDSC$j6524.000000$3Volume 213:Issue 2(2001)-Volume 247:Issue 4(2018)***See ESTAR for full holdings.
=852  41$aBritish Library$bHMNTS$jELD Digital store$3Volume 247:Issue 3(2018)-
=945  \\$aPLANTA -BERLIN-
=959  \\$fHeld but not currently received
=979  \\$aBritish Library$bDSC$j6524.000000
=CAT  \\$a8335$b40$c20050207$lBLL01$h0825
=CAT  \\$aBATCH-UPD$b00$c20150520$lBLL01$h1750
=CAT  \\$aIPL-CLA$c20150630$lBLL01$h1646
=CAT  \\$aBATCH-UPD$b00$c20150820$lBLL01$h1837
=CAT  \\$aIPL-CLA$c20150930$lBLL01$h1806
=CAT  \\$aBATCH-UPD$b00$c20160217$lBLL01$h1727
=CAT  \\$aIPL-CLA$c20160331$lBLL01$h1727
=CAT  \\$aBATCH-UPD$b00$c20160518$lBLL01$h1025
=CAT  \\$aBATCH-UPD$b00$c20160524$lBLL01$h2210
=CAT  \\$aBATCH-UPD$b00$c20160824$lBLL01$h1755
=CAT  \\$aIPL-CLA$c20160930$lBLL01$h1603
=CAT  \\$aBATCH-UPD$b00$c20170216$lBLL01$h1843
=CAT  \\$aIPL-CLA$c20170331$lBLL01$h1844
=CAT  \\$aBATCH-UPD$b00$c20170904$lBLL01$h1851
=CAT  \\$aIPL-CLA$c20170929$lBLL01$h1729
=CAT  \\$aBATCH-UPD$b00$c20180223$lBLL01$h1720
=CAT  \\$aIPL-CLA$c20180331$lBLL01$h1620
=CAT  \\$aW1805-0475$c20180520$lBLL01$h1631
=CAT  \\$aBATCH-UPD$b00$c20180524$lBLL01$h1714
=CAT  \\$aIPL-CLA$c20180630$lBLL01$h1916
=CAT  \\$aW1908-0780$b00$c20200730$lBLL01$h1329
=CAT  \\$a15190$b40$c20210326$lBLL01$h1513
=CAT  \\$aCDS21$c20220118$lBLL01$h1105
=CAT  \\$aBATCH-UPD$b00$c20221121$lBLL01$h1400
=CAT  \\$a5410$b40$c20221213$lBLL01$h1514
=CAT  \\$aIPL-CLA$c20221231$lBLL01$h1446
=CFI  0\$aCurrent copyright fee: GBP29.95$c22\1$e01-jan-2023$fGBP29.95$g0$hP$5Uk
=CFI  2\$aPrevious copyright fee: GBP34.00$c22\1$e01-jul-2018$fGBP34.00$g0$hP$5Uk
=EST  \\$a1
=FFP  \\$aY$bBLDSS-3PM
=FIN  \\$aY$d20111011
=LKR  \\$aPAR$b007864344$lBLL01$r776$mPlanta (Online)$nPlanta (Print)
=MNI  \\$a0032-0935
=SID  \\$aZ39$bOCLC
=TCO  \\$aZZZ$c008
=TCO  \\$aDEU$bVG WORT$c008
=TOC  \\$aETOC
=UNO  \\$aY
=ACF  \\$aPrevious copyright fee: GBP16.67$c22\3$e01-jan-2006$fGBP16.67$g0$hP$5Uk
=ACF  \\$aPrevious copyright fee: GBP16.22$c22\3$e01-apr-2005$fGBP16.22$g0$hP$5Uk
=ACF  \\$aPrevious copyright fee: GBP16.67$c22\3$e01-jan-2005$fGBP16.67$g0$hP$5Uk
=ACF  \\$aPrevious copyright fee: GBP17.14$c22\3$e01-apr-2006$fGBP17.14$g0$hP$5Uk
=ACF  \\$aPrevious copyright fee: GBP22.00$c22\3$e12-aug-2012$fGBP22.00$g0$hP$5Uk
=ACF  \\$aPrevious copyright fee: GBP25.00$c22\3$e01-jan-2013$fGBP25.00$g0$hP$5Uk
=ACF  \\$aPrevious copyright fee: GBP25.77$c22\3$e01-jul-2013$fGBP25.77$g0$hP$5Uk
=ACF  \\$aPrevious copyright fee: GBP24.97$c22\3$e01-jan-2014$fGBP24.97$g0$hP$5Uk
=ACF  \\$aPrevious copyright fee: GBP24.21$c22\3$e01-jul-2014$fGBP24.21$g0$hP$5Uk
=ACF  \\$aPrevious copyright fee: GBP25.77$c22\3$e01-apr-2015$fGBP25.77$g0$hP$5Uk
=ACF  \\$aPrevious copyright fee: GBP26.63$c22\3$e01-jul-2015$fGBP26.63$g0$hP$5Uk
=ACF  \\$aPrevious copyright fee: GBP25.77$c22\3$e01-oct-2015$fGBP25.77$g0$hP$5Uk
=ACF  \\$aPrevious copyright fee: GBP27.55$c22\3$e01-apr-2016$fGBP27.55$g0$hP$5Uk
=ACF  \\$aPrevious copyright fee: GBP29.59$c22\3$e01-oct-2016$fGBP29.59$g0$hP$5Uk
=ACF  \\$aPrevious copyright fee: GBP31.96$c22\3$e01-apr-2017$fGBP31.96$g0$hP$5Uk
=ACF  \\$aPrevious copyright fee: GBP30.73$c22\3$e01-oct-2017$fGBP30.73$g0$hP$5Uk
=ACF  \\$aPrevious copyright fee: GBP28.54$c22\3$e01-apr-2018$fGBP28.54$g0$hP$5Uk
=LAS  \\$aIPL-CLA$b00$c20221231$lBLL01$h1446

