=LDR  05797cas a2201225 a 4500
=001  013103934
=003  Uk
=005  20221231144606.0
=006  m\\\\\\\\d\\\\\\\\
=007  cr\cnu||||||||
=008  040317c19939999gw\br\pso\\\\\0\\\b0ger\c
=FMT  \\$a  SE
=010  \\$a2004700256
=022  \\$a1613-2238
=035  \\$a(OCoLC)54752446
=037  \\$a???$bSpringer
=040  \\$aOUN$cOUN$dTWT$dOCLCQ$dTJC$dOCL$dOCLCS$dMYG$dUK
=041  0\$ager$aeng
=042  \\$aukblsr
=050  14$aRA1
=082  04$a614.4$223
=130  0\$aZeitschrift für Gesundheitswissenschaften (Online)
=245  10$aZeitschrift für Gesundheitswissenschaften$h[electronic resource] =$bJournal of public health.
=246  31$aJournal of public health
=260  \\$aHeidelberg :$bSpringer-Verlag
=310  \\$aBimonthly
=336  \\$atext$2rdacontent
=337  \\$acomputer$2rdamedia
=338  \\$aonline resource$2rdacarrier
=362  1\$aBegan with 1. Jahrg., Heft 1 (1993).
=588  \\$aDescription based: Vol. 1, no. 1 (Mar. 1993); title from homepage cover graphic (SpringerLink, viewed Nov. 4, 2009).
=588  \\$aLatest issue consulted: Vol. 19, no. 5 (Oct. 2011) (SpringerLink, viewed Oct. 18, 2011).
=500  \\$aOrder of titles varies.
=546  \\$aChiefly in German; some articles in English.
=540  \\$aCurrent copyright fee: GBP34.95$c22\1$5Uk
=650  \0$aPublic health$vPeriodicals.
=650  \0$aPublic health$zGermany$vPeriodicals.
=776  08$iAlso issued in print:$tZeitschrift für Gesundheitswissenschaften$x0943-1853
=859  \\$aELD$bejournal
=856  \\$31850-9999$uhttp://www.springer.com/gb/$xBLDSS
=856  40$uhttp://springerlink.metapress.com/(cv3v3snyg3vmtnraliebkjnx)/app/home/journal.asp?referrer=parent&backto=linkingpublicationresults,1:110811,1
=856  40$uhttp://www.springerlink.com/content/0943-1853
=856  40$uhttp://www.springerlink.com/openurl.asp?genre=journal&issn=0943-1853
=859  \\$aXLD$bejournal
=852  41$aBritish Library$bDSC$j5043.525000$3Volume 5:Issue 1(1997)-Volume 26:Issue 2(2018)***See ESTAR for full holdings.
=852  41$aBritish Library$bHMNTS$jELD Digital store$3Volume 26:Issue 3(2018)-
=945  \\$aJournal of public health -Springer Verlag-
=959  \\$fHeld but not currently received
=CAT  \\$a5552$b40$c20050207$lBLL01$h1043
=CAT  \\$aBATCH-UPD$b00$c20150820$lBLL01$h1837
=CAT  \\$aIPL-CLA$c20150930$lBLL01$h1806
=CAT  \\$aBATCH-UPD$b00$c20160217$lBLL01$h1727
=CAT  \\$aIPL-CLA$c20160331$lBLL01$h1727
=CAT  \\$aBATCH-UPD$b00$c20160524$lBLL01$h2210
=CAT  \\$aBATCH-UPD$b00$c20160525$lBLL01$h0021
=CAT  \\$aBATCH-UPD$b00$c20160824$lBLL01$h1755
=CAT  \\$aIPL-CLA$c20160930$lBLL01$h1603
=CAT  \\$aBATCH-UPD$b00$c20170216$lBLL01$h1843
=CAT  \\$aIPL-CLA$c20170331$lBLL01$h1844
=CAT  \\$aBATCH-UPD$b00$c20170904$lBLL01$h1851
=CAT  \\$aIPL-CLA$c20170929$lBLL01$h1729
=CAT  \\$aBATCH-UPD$b00$c20180223$lBLL01$h1720
=CAT  \\$aIPL-CLA$c20180331$lBLL01$h1620
=CAT  \\$aW1805-0475$c20180520$lBLL01$h1632
=CAT  \\$aBATCH-UPD$b00$c20180524$lBLL01$h1714
=CAT  \\$aIPL-CLA$c20180630$lBLL01$h1916
=CAT  \\$aW1908-0780$b00$c20200730$lBLL01$h1329
=CAT  \\$a5552$b40$c20200818$lBLL01$h1402
=CAT  \\$a15190$b40$c20210303$lBLL01$h1204
=CAT  \\$a5552$b40$c20210819$lBLL01$h1100
=CAT  \\$aIPL-CLA$c20210930$lBLL01$h1528
=CAT  \\$aCDS21$c20220118$lBLL01$h1105
=CAT  \\$aBATCH-UPD$b00$c20221121$lBLL01$h1411
=CAT  \\$aIPL-CLA$c20221231$lBLL01$h1446
=CFI  0\$aCurrent copyright fee: GBP34.95$c22\1$e01-jan-2023$fGBP34.95$g0$hP$5Uk
=CFI  2\$aPrevious copyright fee: GBP43.00$c22\1$e01-oct-2021$fGBP43.00$g0$hP$5Uk
=EST  \\$a1
=FFP  \\$aY$bBLDSS-3PM
=FIN  \\$aY$d20111018
=LKR  \\$aPAR$b013042828$lBLL01$r776$mZeitschrift für Gesundheitswissenschaften = Journal of public health (Online)$nZeitschrift für Gesundheitswissenschaften (print)
=MNI  \\$a2198-1833
=SID  \\$aZ39$bOCLC
=TCO  \\$aZZZ$c008
=TCO  \\$aDEU$bVG WORT$c008
=TOC  \\$aETOC
=UNO  \\$aY
=ACF  \\$aPrevious copyright fee: GBP16.67$c22\3$e01-jan-2006$fGBP16.67$g0$hP$5Uk
=ACF  \\$aPrevious copyright fee: GBP16.22$c22\3$e01-apr-2005$fGBP16.22$g0$hP$5Uk
=ACF  \\$aPrevious copyright fee: GBP16.67$c22\3$e01-jan-2005$fGBP16.67$g0$hP$5Uk
=ACF  \\$aPrevious copyright fee: GBP17.14$c22\3$e01-apr-2006$fGBP17.14$g0$hP$5Uk
=ACF  \\$aPrevious copyright fee: GBP22.00$c22\3$e12-aug-2012$fGBP22.00$g0$hP$5Uk
=ACF  \\$aPrevious copyright fee: GBP25.00$c22\3$e01-jan-2013$fGBP25.00$g0$hP$5Uk
=ACF  \\$aPrevious copyright fee: GBP25.77$c22\3$e01-jul-2013$fGBP25.77$g0$hP$5Uk
=ACF  \\$aPrevious copyright fee: GBP24.97$c22\3$e01-jan-2014$fGBP24.97$g0$hP$5Uk
=ACF  \\$aPrevious copyright fee: GBP24.21$c22\3$e01-jul-2014$fGBP24.21$g0$hP$5Uk
=ACF  \\$aPrevious copyright fee: GBP25.77$c22\3$e01-apr-2015$fGBP25.77$g0$hP$5Uk
=ACF  \\$aPrevious copyright fee: GBP26.63$c22\3$e01-jul-2015$fGBP26.63$g0$hP$5Uk
=ACF  \\$aPrevious copyright fee: GBP25.77$c22\3$e01-oct-2015$fGBP25.77$g0$hP$5Uk
=ACF  \\$aPrevious copyright fee: GBP27.55$c22\3$e01-apr-2016$fGBP27.55$g0$hP$5Uk
=ACF  \\$aPrevious copyright fee: GBP29.59$c22\3$e01-oct-2016$fGBP29.59$g0$hP$5Uk
=ACF  \\$aPrevious copyright fee: GBP31.96$c22\3$e01-apr-2017$fGBP31.96$g0$hP$5Uk
=ACF  \\$aPrevious copyright fee: GBP30.73$c22\3$e01-oct-2017$fGBP30.73$g0$hP$5Uk
=ACF  \\$aPrevious copyright fee: GBP28.54$c22\3$e01-apr-2018$fGBP28.54$g0$hP$5Uk
=ACF  \\$aPrevious copyright fee: GBP34.00$c22\1$e01-jul-2018$fGBP34.00$g0$hP$5Uk
=LAS  \\$aIPL-CLA$b00$c20221231$lBLL01$h1446

