=LDR  04033cas a2200961 a 4500
=001  013110146
=003  Uk
=005  20221231144608.0
=006  m\\\\\\\\d\|\\\\\\
=007  cr\|||||||||||
=008  050214c20039999enkqr\p\s\\\\\0\\\a0eng\\
=FMT  \\$a  SE
=015  \\$aGBA867625$2bnb
=022  0\$a1746-6539$y1741-3591$202
=037  \\$a???$bSpringer
=040  \\$aUk$beng$cUk$dUk
=042  \\$aukblsr$aissnuk
=082  04$a658.45$222
=130  0\$aInternational journal of disclosure and governance (Online)
=222  \0$aInternational journal of disclosure and governance$b(Online)
=245  10$aInternational journal of disclosure and governance.$h[electronic resource].
=260  \\$aLondon :$bHenry Stewart Publications,$c2003-
=260  3\$3[2005]-$aBasingstoke :$bPalgrave Macmillan
=310  \\$aQuarterly
=336  \\$atext$2rdacontent
=337  \\$acomputer$2rdamedia
=338  \\$aonline resource$2rdacarrier
=362  0\$aVol. 1, issue 1 (Dec. 2003)-
=500  \\$aDescription based on journal information screen on publisher's web site (viewed on 17th May 2008).
=538  \\$aMode of access: World Wide Web.
=540  \\$aCurrent copyright fee: GBP29.95$c22\1$5Uk
=650  \0$aCorporate governance$vPeriodicals.
=650  \0$aFreedom of information$vPeriodicals.
=690  7\$aManagement and Business Studies$2blcoll
=776  0\$tInternational journal of disclosure and governance$x1741-3591
=856  \\$31850-9999$uhttp://www.palgrave.com/home/index.asp$xBLDSS
=856  40$uhttp://www.palgrave-journals.com/jdg/index.html
=859  \\$aELD$bejournal
=859  \\$aXLD$bejournal
=852  41$aBritish Library$bHMNTS$jELD Digital store$3Volume 13:Number 4(2016)-***Previous issues available in print
=852  41$aBritish Library$bDSC$j4542.185700$3Volume 5:Issue 1(2008)-Volume 8:Issue 4(2011)***See ESTAR for full holdings.
=945  \\$aInternational journal of disclosure and governance
=959  \\$fHeld but not currently received
=CAT  \\$a11316$b40$c20050214$lBLL01$h0919
=CAT  \\$a5997$b40$c20080612$lBLL01$h1034
=CAT  \\$a8323$b40$c20080716$lBLL01$h0911
=CAT  \\$a8464$b40$c20080721$lBLL01$h1548
=CAT  \\$aBATCH$b00$c20090611$lBLL01$h1716
=CAT  \\$aBATCH-UPD$b00$c20100818$lBLL01$h1552
=CAT  \\$aIPL-CLA$c20100930$lBLL01$h1527
=CAT  \\$aBATCH-UPD$b00$c20101221$lBLL01$h0849
=CAT  \\$aCDS12-UPD$b40$c20111212$lBLL01$h1841
=CAT  \\$aWR12_168$c20121206$lBLL01$h1815
=CAT  \\$aWR14_140$c20140905$lBLL01$h1807
=CAT  \\$aBLDSS-3PM$b00$c20160620$lBLL01$h1456
=CAT  \\$aBATCH-UPD$b00$c20160620$lBLL01$h1458
=CAT  \\$aBATCH-UPD$b00$c20171121$lBLL01$h1713
=CAT  \\$aIPL-CLA$c20171231$lBLL01$h1639
=CAT  \\$a14412$b40$c20180118$lBLL01$h1552
=CAT  \\$a14412$b40$c20180118$lBLL01$h1555
=CAT  \\$aBATCH-UPD$b40$c20180223$lBLL01$h1820
=CAT  \\$aIPL-CLA$c20180331$lBLL01$h1620
=CAT  \\$aBATCH-UPD$b00$c20180524$lBLL01$h1739
=CAT  \\$aIPL-CLA$c20180630$lBLL01$h1916
=CAT  \\$aBATCH-UPD$b00$c20180704$lBLL01$h0023
=CAT  \\$aW1908-0780$b00$c20200730$lBLL01$h1329
=CAT  \\$aCDS21$c20220118$lBLL01$h1105
=CAT  \\$aBATCH-UPD$b00$c20221121$lBLL01$h1400
=CAT  \\$aIPL-CLA$c20221231$lBLL01$h1446
=CFI  0\$aCurrent copyright fee: GBP29.95$c22\1$e01-jan-2023$fGBP29.95$g0$hP$5Uk
=CFI  2\$aPrevious copyright fee: GBP34.00$c22\1$e01-jul-2018$fGBP34.00$g0$hP$5Uk
=EST  \\$a1
=FFP  \\$aY$bBLDSS-3PM
=FIN  \\$aY$d20060322
=MNI  \\$a1741-3591
=TCO  \\$aCLA$bCLA$c008
=TOC  \\$aETOC
=UNO  \\$aY
=ACF  \\$aPrevious Copyright Fee: GBP17.50$c39\0$e21-jul-2008$fGBP17.50$g0$hP$5Uk
=ACF  \\$aPrevious copyright fee: GBP22.00$c39\0$e01-oct-2010$fGBP22.00$g0$hP$5Uk
=ACF  \\$aPrevious copyright fee: GBP30.74$c39\0$e01-jan-2018$fGBP30.74$g0$hP$5Uk
=ACF  \\$aPrevious copyright fee: GBP28.54$c39\0$e01-apr-2018$fGBP28.54$g0$hP$5Uk
=LAS  \\$aIPL-CLA$b00$c20221231$lBLL01$h1446

