=LDR  05665cas a2201225 a 4500
=001  013303501
=003  Uk
=005  20221231144634.0
=006  m\\\\\\\\d\\\\\\\\
=007  cr\cnu||||||||
=008  050307c20059999maufr\pso\\\\\0\\\a0eng\c
=FMT  \\$a  SE
=010  \\$a2005215377
=016  \\$a013428160
=022  0\$a1554-9658$l1554-964X$202
=035  \\$a(OCoLC)58393738$z(OCoLC)60630363
=037  3\$a???$bSpringer
=037  \\$bSpringer Science & Business Media, P.O. Box 2485, Seacaucus, NJ 07095$a???
=040  \\$aNSD$cNSD$dGUA$dNSD$dAU@$dOCLCQ$dOCLCS$dMUQ$dFIE$dUKMGB
=042  \\$aukblsr$aissnuk
=050  14$aHG8015
=082  04$a368.005$223
=130  0\$aGeneva risk and insurance review (Online)
=222  \4$aThe Geneva risk and insurance review$b(Online)
=245  14$aThe Geneva risk and insurance review$h[electronic resource].
=260  \\$aNorwell, MA :$bSpringer Science + Business Media
=264  31$a[London?] :$bPalgrave Macmillan
=310  \\$aSemiannual
=336  \\$atext$2rdacontent
=337  \\$acomputer$2rdamedia
=338  \\$aonline resource$2rdacarrier
=362  1\$aBegan with Volume 30, number 1 (June 2005).
=588  \\$aDescription based on first issue; title from contents screen (Springerlink, viewed July 20, 2007).
=588  \\$aLatest issue consulted: volume 45, issue 1 (March 2020) ; (SpringerLink, viewed September 04, 2020).
=550  \\$aSponsored by the Geneva Association.
=540  \\$aCurrent copyright fee: GBP29.95$c22\1$5Uk
=650  \0$aInsurance$vPeriodicals.
=650  \0$aRisk assessment$vPeriodicals.
=650  \0$aRisk (Insurance)$vPeriodicals.
=650  \6$aAssurance$vPériodiques.
=650  \6$aRisque (Assurance)$vPériodiques.
=690  7\$aManagement and Business Studies$2blcoll
=710  2\$aInternational Association for the Study of Insurance Economics.
=710  2\$aEuropean Group of Risk and Insurance Economists.
=776  08$iPrint version:$tGeneva risk and insurance review$x1554-964X
=780  00$tGeneva papers on risk and insurance theory (Online)$x1573-6954
=859  \\$aELD$bejournal
=856  \\$31850-9999$uhttp://www.palgrave.com/home/index.asp$xBLDSS
=856  40$uhttp://www.springerlink.com/content/113279/
=856  40$uhttp://www.springerlink.com/content/1554-964x/
=856  4\$uhttps://www.palgrave.com/gp/journal/10713
=859  \\$aXLD$bejournal
=852  41$aBritish Library$bHMNTS$jELD Digital store$3Volume 41:Issue 2(2016)-***Previous issues available in print copy
=852  \\$aBritish Library$bDSC$j4115.562700$3Volume 30:Issue 1(2005)-Volume 36:Issue 2(2011)***See ESTAR for full holdings.
=945  \\$aGeneva risk and insurance review
=959  \\$fHeld but not currently received
=985  \\$aISSN responsibility transferred from US Center 4.9.20 (Palgrave multinational publisher agreement).
=CAT  \\$a7174$b40$c20050929$lBLL01$h1236
=CAT  \\$aBATCH$b00$c20071231$lBLL01$h2253
=CAT  \\$aBATCH-UPD$b00$c20100818$lBLL01$h1552
=CAT  \\$aIPL-CLA$c20100930$lBLL01$h1528
=CAT  \\$aWR10_164$c20101215$lBLL01$h1511
=CAT  \\$aCDS12-UPD$b40$c20111212$lBLL01$h1841
=CAT  \\$a8124$b40$c20120703$lBLL01$h1118
=CAT  \\$aBATCH-MBS$c20120706$lBLL01$h2107
=CAT  \\$aBATCH-CLA$b00$c20121109$lBLL01$h1728
=CAT  \\$aBATCH-016$c20160608$lBLL01$h1430
=CAT  \\$aBLDSS-3PM$b00$c20160620$lBLL01$h1456
=CAT  \\$aBATCH-UPD$b00$c20160620$lBLL01$h1458
=CAT  \\$aBATCH-UPD$b00$c20171121$lBLL01$h1713
=CAT  \\$aIPL-CLA$c20171231$lBLL01$h1647
=CAT  \\$a9667$b40$c20180131$lBLL01$h1439
=CAT  \\$a9667$b40$c20180131$lBLL01$h1440
=CAT  \\$aBATCH-UPD$b40$c20180223$lBLL01$h1820
=CAT  \\$aIPL-CLA$c20180331$lBLL01$h1622
=CAT  \\$aBATCH-UPD$b00$c20180524$lBLL01$h1739
=CAT  \\$aIPL-CLA$c20180630$lBLL01$h1918
=CAT  \\$aBATCH-UPD$b00$c20180704$lBLL01$h0023
=CAT  \\$aW1908-0780$b00$c20200730$lBLL01$h1329
=CAT  \\$a10973$b40$c20200904$lBLL01$h1343
=CAT  \\$aCDS21$c20220118$lBLL01$h1105
=CAT  \\$aBATCH-UPD$b00$c20221121$lBLL01$h1400
=CAT  \\$aIPL-CLA$c20221231$lBLL01$h1446
=CFI  0\$aCurrent copyright fee: GBP29.95$c22\1$e01-jan-2023$fGBP29.95$g0$hP$5Uk
=CFI  2\$aPrevious copyright fee: GBP34.00$c22\1$e01-jul-2018$fGBP34.00$g0$hP$5Uk
=EST  \\$a1
=FFP  \\$aY$bBLDSS-3PM
=FIN  \\$aY$d20120703
=LKR  \\$aPAR$b013428160$lBLL01$r776$mThe Geneva risk and insurance review (Online)$nThe Geneva risk and insurance review (Print).
=LKR  \\$aPAR$b012433077$lBLL01$r780$mGeneva risk and insurance review (Online)$nGeneva papers on risk and insurance theory (Online)
=MNI  \\$a1554-964X
=SID  \\$aZ39$bOCLC
=TCO  \\$aNLD$bSTICHTING REPRORECHT$c008
=TOC  \\$aETOC
=UNO  \\$aY
=ACF  \\$aPrevious copyright fee: GBP16.75$c22\8$e01-jan-2007$fGBP16.75$g0$hP$5Uk
=ACF  \\$aPrevious copyright fee: GBP16.22$c22\8$e01-oct-2006$fGBP16.22$g0$hP$5Uk
=ACF  \\$aCurrent copyright fee: GBP17.14$c22\3$e01-apr-2006$fGBP17.14$g0$hP$5Uk
=ACF  \\$aPrevious copyright fee: GBP16.67$c22\3$e01-jan-2006$fGBP16.67$g0$hP$5Uk
=ACF  \\$aPrevious copyright fee: GBP16.22$c22\3$e29-sep-2005$fGBP16.22$g0$hP$5Uk
=ACF  \\$aPrevious Copyright Fee: GBP17.50$c39\0$e01-jan-2008$fGBP17.50$g0$hP$5Uk
=ACF  \\$aPrevious copyright fee: GBP22.00$c39\0$e01-oct-2010$fGBP22.00$g0$hP$5Uk
=ACF  \\$aPrevious copyright fee: GBP30.74$c39\0$e01-jan-2018$fGBP30.74$g0$hP$5Uk
=ACF  \\$aPrevious copyright fee: GBP28.54$c39\0$e01-apr-2018$fGBP28.54$g0$hP$5Uk
=LAS  \\$aIPL-CLA$b00$c20221231$lBLL01$h1446

