=LDR  03961cas a2200949 a 4500
=001  013378780
=003  Uk
=005  20221231144719.0
=006  m\\\\\\\\d\|\\\\\\
=007  cr||||||||||||
=008  060116c20059999enkqr\p\s\\\\\0\\\a0eng\\
=FMT  \\$a  SE
=015  \\$aGBA867629$2bnb
=022  0\$a1750-2071$y1745-6452$202
=037  \\$a???$bSpringer
=040  \\$aUk$beng$cUk$dUk
=042  \\$aukblsr$aissnuk
=082  04$a346.0821505$222
=130  0\$aJournal of banking regulation (Online)
=222  \0$aJournal of banking regulation$b(Online)
=245  10$aJournal of banking regulation$h[electronic resource].
=260  \\$aBasingstoke :$bPalgrave Macmillan
=310  \\$aQuarterly
=336  \\$atext$2rdacontent
=337  \\$acomputer$2rdamedia
=338  \\$aonline resource$2rdacarrier
=362  1\$aPrint began with v. 6, no. 2 (Feb. 2005).
=550  \\$aPublished in association with the Institute of Advanced Legal Studies.
=500  \\$aDescription based on journal information screen on publisher's web site (viewed on 17th May 2008).
=538  \\$aMode of access: World Wide Web.
=540  \\$aCurrent copyright fee: GBP29.95$c22\1$5Uk
=650  \0$aBanks and banking, International$xLaw and legislation$vPeriodicals.
=710  2\$aUniversity of London.$bInstitute of Advanced Legal Studies.
=776  0\$tJournal of banking regulation$x1745-6452
=856  \\$31850-9999$uhttp://www.palgrave.com/home/index.asp$xBLDSS
=856  40$uhttp://www.palgrave-journals.com/jbr/index.html
=859  \\$aELD$bejournal
=859  \\$aXLD$bejournal
=852  41$aBritish Library$bHMNTS$jELD Digital store$3Volume 18:Issue 2(2017)-***Previous issues available in print copy
=852  41$aBritish Library$bDSC$j4951.114500$3Volume 9:Number 2(2008)-Volume 12:Number 4(2011)***See ESTAR for full holdings.
=945  \\$aJournal of banking regulation
=959  \\$fHeld but not currently received
=CAT  \\$a6537$b40$c20060116$lBLL01$h0930
=CAT  \\$a5997$b40$c20080523$lBLL01$h1408
=CAT  \\$a5552$b40$c20080603$lBLL01$h1358
=CAT  \\$a5997$b40$c20080605$lBLL01$h1142
=CAT  \\$a5997$b40$c20080612$lBLL01$h1035
=CAT  \\$a8323$b40$c20080716$lBLL01$h1003
=CAT  \\$a8464$b40$c20080722$lBLL01$h0905
=CAT  \\$aBATCH-UPD$b40$c20100818$lBLL01$h1552
=CAT  \\$aIPL-CLA$c20100930$lBLL01$h1528
=CAT  \\$aCDS12-UPD$b40$c20111212$lBLL01$h1841
=CAT  \\$aWR12_168$c20121206$lBLL01$h1817
=CAT  \\$aWR14_140$c20140905$lBLL01$h1810
=CAT  \\$aBLDSS-3PM$b00$c20160620$lBLL01$h1456
=CAT  \\$aBATCH-UPD$b00$c20160620$lBLL01$h1458
=CAT  \\$aBATCH-UPD$b00$c20171121$lBLL01$h1713
=CAT  \\$aIPL-CLA$c20171231$lBLL01$h1651
=CAT  \\$a14412$b40$c20180119$lBLL01$h0909
=CAT  \\$aBATCH-UPD$b40$c20180223$lBLL01$h1820
=CAT  \\$aIPL-CLA$c20180331$lBLL01$h1623
=CAT  \\$aBATCH-UPD$b00$c20180524$lBLL01$h1739
=CAT  \\$aIPL-CLA$c20180630$lBLL01$h1918
=CAT  \\$aBATCH-UPD$b00$c20180704$lBLL01$h0023
=CAT  \\$aW1908-0780$b00$c20200730$lBLL01$h1329
=CAT  \\$aCDS21$c20220118$lBLL01$h1105
=CAT  \\$aBATCH-UPD$b00$c20221121$lBLL01$h1400
=CAT  \\$aIPL-CLA$c20221231$lBLL01$h1447
=CFI  0\$aCurrent copyright fee: GBP29.95$c22\1$e01-jan-2023$fGBP29.95$g0$hP$5Uk
=CFI  2\$aPrevious copyright fee: GBP34.00$c22\1$e01-jul-2018$fGBP34.00$g0$hP$5Uk
=EST  \\$a1
=FFP  \\$aY$bBLDSS-3PM
=FIN  \\$aY$d20060322
=MNI  \\$a1745-6452
=TCO  \\$aCLA$bCLA$c008
=TOC  \\$aETOC
=UNO  \\$aY
=ACF  \\$aPrevious Copyright Fee: GBP17.50$c39\0$e22-jul-2008$fGBP17.50$g0$hP$5Uk
=ACF  \\$aPrevious copyright fee: GBP22.00$c39\0$e01-oct-2010$fGBP22.00$g0$hP$5Uk
=ACF  \\$aPrevious copyright fee: GBP30.74$c39\0$e01-jan-2018$fGBP30.74$g0$hP$5Uk
=ACF  \\$aPrevious copyright fee: GBP28.54$c39\0$e01-apr-2018$fGBP28.54$g0$hP$5Uk
=LAS  \\$aIPL-CLA$b00$c20221231$lBLL01$h1447

