=LDR  05626cas a2201237 a 4500
=001  013461240
=003  Uk
=005  20221231144735.0
=006  m\\\\\\\\d\\\\\\\\
=007  cr\|||||||||||
=008  070913c20069999gw\br\pss\\\\\0\\\a0eng\c
=FMT  \\$a  SE
=010  \\$a  2007247773$z  2006262125
=022  \\$a1861-6429$y1861-6410
=035  \\$a(OCoLC)171147803
=037  \\$a???$bSpringer
=040  \\$aPPiU-H$cPPiU-H$dICU$dOKentU$dOCoLC$dTxCM$dCU-S$dUk
=042  \\$aukblsr
=050  14$aRC78.7.D53$bI58
=082  04$a610.28$223
=130  0\$aInternational journal of computer assisted radiology and surgery (Online)
=210  0\$aInt. j. comput. assist. radiol. surg.$b(Internet)
=222  \0$aInternational journal of computer assisted radiology and surgery$b(Internet)
=245  10$aInternational journal of computer assisted radiology and surgery$h[electronic resource].
=246  13$aIJCARS
=246  13$aInt. J. CARS
=260  \\$aBerlin :$bSpringer
=310  \\$aBimonthly,$b2008-
=321  \\$aIrregular,$b2006-2007
=336  \\$atext$2rdacontent
=337  \\$acomputer$2rdamedia
=338  \\$aonline resource$2rdacarrier
=362  1\$aBegan with: Vol. 1, no. 1 (Mar 2006).
=500  \\$aDescription based on: Vol. 1, no. 1 (Mar. 2006); title from journal home page (SpringerLink Web site, viewed Sept. 9, 2007).
=500  \\$aLatest issue consulted: Vol. 5, no. 4 (July 2010) (viewed June 15, 2010).
=515  \\$aSome numbers issued in combined form.
=525  \\$aSome issues have supplements.
=540  \\$aCurrent copyright fee: GBP34.95$c22\1$5Uk
=650  \0$aDiagnostic imaging$vPeriodicals.
=650  \0$aRadiology, Medical$vPeriodicals.
=650  \0$aComputer-assisted surgery$vPeriodicals.
=650  \0$aDiagnosis$xData processing$vPeriodicals.
=650  \0$aClinical medicine$xComputer programs$vPeriodicals.
=776  08$iPrint version:$tInternational journal of computer assisted radiology and surgery$x1861-6410
=859  \\$aELD$bejournal
=856  \\$31850-9999$uhttp://www.springer.com/gb/$xBLDSS
=856  40$uhttp://www.springerlink.com/content/120019
=859  \\$aXLD$bejournal
=852  \\$aBritish Library$bDSC$j4542.174500$3Volume 1:Issue 1(2006)-Volume 13:Issue 3(2018)***See ESTAR for full holdings.
=852  41$aBritish Library$bHMNTS$jELD Digital store$3Volume 13:Issue 2(2018)-
=945  \\$aInternational journal of computer assisted radiology and surgery
=959  \\$fHeld but not currently received
=979  \\$aBritish Library$bDSC$j4542.174500
=985  \\$aCONFERENCE ANALYTIC &RECORDS EXIST
=CAT  \\$a7174$b40$c20060504$lBLL01$h1358
=CAT  \\$aIPL-CLA$c20150930$lBLL01$h1812
=CAT  \\$aBATCH-UPD$b00$c20160217$lBLL01$h1728
=CAT  \\$aIPL-CLA$c20160331$lBLL01$h1734
=CAT  \\$aBATCH-UPD$b00$c20160518$lBLL01$h1132
=CAT  \\$aBATCH-UPD$b00$c20160524$lBLL01$h2210
=CAT  \\$aBATCH-UPD$b00$c20160824$lBLL01$h1755
=CAT  \\$aIPL-CLA$c20160930$lBLL01$h1608
=CAT  \\$aBATCH-UPD$b00$c20170216$lBLL01$h1843
=CAT  \\$aIPL-CLA$c20170331$lBLL01$h1848
=CAT  \\$aBATCH-UPD$b00$c20170904$lBLL01$h1852
=CAT  \\$aIPL-CLA$c20170929$lBLL01$h1733
=CAT  \\$aBATCH-UPD$b00$c20180223$lBLL01$h1721
=CAT  \\$aIPL-CLA$c20180331$lBLL01$h1624
=CAT  \\$aW1805-0475$c20180520$lBLL01$h1632
=CAT  \\$aBATCH-UPD$b00$c20180524$lBLL01$h1714
=CAT  \\$aIPL-CLA$c20180630$lBLL01$h1919
=CAT  \\$a5410$b40$c20190116$lBLL01$h1116
=CAT  \\$aW1908-0780$b00$c20200730$lBLL01$h1329
=CAT  \\$a15190$b40$c20201130$lBLL01$h1215
=CAT  \\$a5552$b40$c20210813$lBLL01$h1201
=CAT  \\$aIPL-CLA$c20210930$lBLL01$h1528
=CAT  \\$aCDS21$c20220118$lBLL01$h1105
=CAT  \\$a5410$b40$c20221119$lBLL01$h1556
=CAT  \\$aBATCH-UPD$b40$c20221121$lBLL01$h1411
=CAT  \\$aIPL-CLA$c20221231$lBLL01$h1447
=CFI  0\$aCurrent copyright fee: GBP34.95$c22\1$e01-jan-2023$fGBP34.95$g0$hP$5Uk
=CFI  2\$aPrevious copyright fee: GBP43.00$c22\1$e01-oct-2021$fGBP43.00$g0$hP$5Uk
=EST  \\$a1
=FFP  \\$aY$bBLDSS-3PM
=FIN  \\$aY$d20121107
=MNI  \\$a1861-6410
=SRC  \\$aBLL02
=TCO  \\$aDEU$bVG WORT$c008
=TOC  \\$aETOC
=UNO  \\$aY
=ACF  \\$aPrevious Copyright Fee: GBP17.14$c22\3$e04-may-2006$fGBP17.14$g0$hP$5Uk
=ACF  \\$aPrevious copyright fee: GBP22.00$c22\3$e12-aug-2012$fGBP22.00$g0$hP$5Uk
=ACF  \\$aPrevious copyright fee: GBP25.00$c22\3$e01-jan-2013$fGBP25.00$g0$hP$5Uk
=ACF  \\$aPrevious copyright fee: GBP25.77$c22\3$e01-jul-2013$fGBP25.77$g0$hP$5Uk
=ACF  \\$aPrevious copyright fee: GBP24.97$c22\3$e01-jan-2014$fGBP24.97$g0$hP$5Uk
=ACF  \\$aPrevious copyright fee: GBP24.21$c22\3$e01-jul-2014$fGBP24.21$g0$hP$5Uk
=ACF  \\$aPrevious copyright fee: GBP25.77$c22\3$e01-apr-2015$fGBP25.77$g0$hP$5Uk
=ACF  \\$aPrevious copyright fee: GBP26.63$c22\3$e01-jul-2015$fGBP26.63$g0$hP$5Uk
=ACF  \\$aPrevious copyright fee: GBP25.77$c22\3$e01-oct-2015$fGBP25.77$g0$hP$5Uk
=ACF  \\$aPrevious copyright fee: GBP27.55$c22\3$e01-apr-2016$fGBP27.55$g0$hP$5Uk
=ACF  \\$aPrevious copyright fee: GBP29.59$c22\3$e01-oct-2016$fGBP29.59$g0$hP$5Uk
=ACF  \\$aPrevious copyright fee: GBP31.96$c22\3$e01-apr-2017$fGBP31.96$g0$hP$5Uk
=ACF  \\$aPrevious copyright fee: GBP30.73$c22\3$e01-oct-2017$fGBP30.73$g0$hP$5Uk
=ACF  \\$aPrevious copyright fee: GBP28.54$c22\3$e01-apr-2018$fGBP28.54$g0$hP$5Uk
=ACF  \\$aPrevious copyright fee: GBP34.00$c22\1$e01-jul-2018$fGBP34.00$g0$hP$5Uk
=LAS  \\$aIPL-CLA$b00$c20221231$lBLL01$h1447

