=LDR  06135cas a2201321 a 4500
=001  013499394
=003  Uk
=005  20230310175324.0
=006  m\\\\\o\\d\\\\\\\\
=007  cr||||||||||||
=008  050801c20069999nyubx\pso\\\\\0\\\a0eng\c
=FMT  \\$a  SE
=010  \\$a2005215697
=016  7\$a2246896-1$2DE-600
=016  7\$a980838312$2DE-101
=016  7\$a22468961$2de-600
=016  7\$a980838312$2de-101
=022  0\$a1557-1947
=035  \\$a(OCoLC)61187379
=037  \\$a???$bSpringer
=040  \\$aNSD$cNSD$dBUF$dNSD$dOCLCS$dKSU$dMYG$dOCLCQ$dDEBBG$dGWDNB$dOCLCQ$dGBVCP$dBUF$dUk
=042  \\$aukblsr
=050  10$aISSN RECORD
=050  14$aQC611.9$b.J68
=082  04$a620.11297$223
=130  0\$aJournal of superconductivity and novel magnetism (Online)
=222  \0$aJournal of superconductivity and novel magnetism$b(Online)
=245  10$aJournal of superconductivity and novel magnetism$h[electronic resource].
=260  \\$aNew York, NY :$bSpringer Science + Business Media,$c2006-
=310  \\$aEight issues a year,$b2006-
=321  \\$aQuarterly,$b1988-1990
=321  \\$aSix issues a year,$b1991-2005
=336  \\$atext$2rdacontent
=337  \\$acomputer$2rdamedia
=338  \\$aonline resource$2rdacarrier
=362  1\$aBegan with: Vol. 19, no. 1/2 (Feb. 2006).
=515  \\$aSome issues combined.
=580  \\$aIncludes issues of earlier title: Journal of superconductivity.
=588  \\$aDescription based on: Vol. 19, no. 1/2 (Feb. 2006); title from journal contents page (SpringerLink, viewed Nov. 4, 2009).
=588  \\$aLatest issue consulted: volume 26, issue 8 (August 2013) (viewed July 24, 2013).
=540  \\$aCurrent copyright fee: GBP29.95$c22\1$5Uk
=650  \0$aSuperconductivity$vPeriodicals.
=650  \0$aMagnetism$vPeriodicals.
=780  00$tJournal of superconductivity$x0896-1107
=776  08$iPrint version:$tJournal of superconductivity and novel magnetism$x1557-1939
=780  10$tJournal of superconductivity (Online)$x1572-9605
=859  \\$aELD$bejournal
=856  \\$31850-9999$uhttp://www.springer.com/gb/$xBLDSS
=856  40$uhttp://link.springer.com/journal/10948
=856  40$uhttp://www.springerlink.com/content/1557-1947/
=856  40$uhttp://www.springerlink.com/openurl.asp?genre=journal&issn=1557-1939
=859  \\$aXLD$bejournal
=852  \\$aBritish Library$bDSC$j5067.118050$3Volume 18:Issue 3(2005)-Volume 31:Issue 4(2018)***See ESTAR for full holdings.
=852  41$aBritish Library$bHMNTS$jELD Digital store$3Volume 31:Issue 6(2018)-
=945  \\$aJournal of superconductivity and novel magnetism
=959  \\$fHeld but not currently received
=979  \\$aBritish Library$bDSC$j5067.118050
=CAT  \\$a7174$b40$c20060627$lBLL01$h1646
=CAT  \\$aBATCH-UPD$b00$c20150520$lBLL01$h1929
=CAT  \\$aIPL-CLA$c20150630$lBLL01$h1651
=CAT  \\$aBATCH-UPD$b00$c20150820$lBLL01$h1959
=CAT  \\$aIPL-CLA$c20150930$lBLL01$h1813
=CAT  \\$aBATCH-UPD$b00$c20160217$lBLL01$h1858
=CAT  \\$aIPL-CLA$c20160331$lBLL01$h1734
=CAT  \\$aBATCH-UPD$b00$c20160524$lBLL01$h2157
=CAT  \\$aBATCH-UPD$b00$c20160524$lBLL01$h2250
=CAT  \\$aBATCH-UPD$b00$c20160824$lBLL01$h1916
=CAT  \\$aIPL-CLA$c20160930$lBLL01$h1608
=CAT  \\$aBATCH-UPD$b00$c20170216$lBLL01$h2002
=CAT  \\$aIPL-CLA$c20170331$lBLL01$h1849
=CAT  \\$aBATCH-UPD$b00$c20170904$lBLL01$h2033
=CAT  \\$aIPL-CLA$c20170929$lBLL01$h1733
=CAT  \\$aBATCH-UPD$b00$c20180223$lBLL01$h1932
=CAT  \\$aIPL-CLA$c20180331$lBLL01$h1625
=CAT  \\$aW1805-0475$c20180520$lBLL01$h1632
=CAT  \\$aBATCH-UPD$b00$c20180524$lBLL01$h1811
=CAT  \\$aIPL-CLA$c20180630$lBLL01$h1919
=CAT  \\$aW1908-0780$b00$c20200730$lBLL01$h1329
=CAT  \\$a15190$b40$c20210304$lBLL01$h1553
=CAT  \\$aCDS21$c20220118$lBLL01$h1105
=CAT  \\$aBATCH-UPD$b00$c20221121$lBLL01$h1401
=CAT  \\$aIPL-CLA$c20221231$lBLL01$h1447
=CAT  \\$a5410$b40$c20230310$lBLL01$h1753
=CFI  0\$aCurrent copyright fee: GBP29.95$c22\1$e01-jan-2023$fGBP29.95$g0$hP$5Uk
=CFI  2\$aPrevious copyright fee: GBP34.00$c22\1$e01-jul-2018$fGBP34.00$g0$hP$5Uk
=EST  \\$a1
=FFP  \\$aY$bBLDSS-3PM
=FIN  \\$aY$d20130724
=LKR  \\$aPAR$b012434183$lBLL01$r780$mJournal of superconductivity and novel magnetism (Online)$nJournal of superconductivity (Online)
=MNI  \\$a1557-1939
=SID  \\$aZ39$bOCLC
=TCO  \\$aTRS$bCCC$c008
=TOC  \\$aETOC
=UNO  \\$aY
=ACF  \\$aPrevious copyright fee: GBP21.25$c22\8$e01-jan-2009$fGBP21.25$g0$hP$5Uk
=ACF  \\$aPrevious copyright fee: GBP16.75$c22\8$e01-jan-2007$fGBP16.75$g0$hP$5Uk
=ACF  \\$aPrevious copyright fee: GBP16.22$c22\8$e01-oct-2006$fGBP16.22$g0$hP$5Uk
=ACF  \\$aPrevious Copyright Fee: GBP17.14$c22\8$e27-jun-2006$fGBP17.14$g0$hP$5Uk
=ACF  \\$aPrevious copyright fee: GBP22.00$c4\4$e01-apr-2009$fGBP22.00$g0$hP$5Uk
=ACF  \\$aPrevious copyright fee: GBP22.00$c4\4$e12-aug-2012$fGBP22.00$g0$hP$5Uk
=ACF  \\$aPrevious copyright fee: GBP25.00$c4\4$e01-jan-2013$fGBP25.00$g0$hP$5Uk
=ACF  \\$aPrevious copyright fee: GBP25.77$c4\4$e01-jul-2013$fGBP25.77$g0$hP$5Uk
=ACF  \\$aPrevious copyright fee: GBP24.97$c4\4$e01-jan-2014$fGBP24.97$g0$hP$5Uk
=ACF  \\$aPrevious copyright fee: GBP24.21$c4\4$e01-jul-2014$fGBP24.21$g0$hP$5Uk
=ACF  \\$aPrevious copyright fee: GBP25.77$c4\4$e01-apr-2015$fGBP25.77$g0$hP$5Uk
=ACF  \\$aPrevious copyright fee: GBP26.63$c4\4$e01-jul-2015$fGBP26.63$g0$hP$5Uk
=ACF  \\$aPrevious copyright fee: GBP25.77$c4\4$e01-oct-2015$fGBP25.77$g0$hP$5Uk
=ACF  \\$aPrevious copyright fee: GBP27.55$c4\4$e01-apr-2016$fGBP27.55$g0$hP$5Uk
=ACF  \\$aPrevious copyright fee: GBP29.59$c4\4$e01-oct-2016$fGBP29.59$g0$hP$5Uk
=ACF  \\$aPrevious copyright fee: GBP31.96$c4\4$e01-apr-2017$fGBP31.96$g0$hP$5Uk
=ACF  \\$aPrevious copyright fee: GBP30.73$c4\4$e01-oct-2017$fGBP30.73$g0$hP$5Uk
=ACF  \\$aPrevious copyright fee: GBP28.54$c4\4$e01-apr-2018$fGBP28.54$g0$hP$5Uk
=LAS  \\$a5410$b40$c20230310$lBLL01$h1753

