=LDR  04091cas a2200997 a 4500
=001  013502550
=003  Uk
=005  20221231144743.0
=006  m\\\\\\\\d\|\\\\\\
=007  cr||||||||||||
=008  060630c20079999enkqr\p\s\\\\\0\\\a0eng\\
=FMT  \\$a  SE
=015  \\$aGBA872308$2bnb
=022  0\$a1751-8059$y1751-8040$202
=037  \\$a???$bSpringer
=040  \\$aUk$beng$cUk$dUk
=042  \\$aukblsr$aissnuk
=082  04$a338.9$222
=130  0\$aPlace branding and public diplomacy (Online)
=222  \0$aPlace branding and public diplomacy$b(Online)
=245  10$aPlace branding and public diplomacy$h[electronic resource].
=260  \\$aBasingstoke :$bPalgrave Macmillan
=310  \\$aQuarterly
=336  \\$atext$2rdacontent
=337  \\$acomputer$2rdamedia
=338  \\$aonline resource$2rdacarrier
=362  0\$aVol. 3, no. 1 (Jan. 2007)-
=580  \\$aWeb site also provides access to earlier title: Place branding.
=500  \\$aTitle from journal information screen (publisher's Web site (viewed on 31st June 2008).
=538  \\$aMode of access: World Wide Web.
=540  \\$aCurrent copyright fee: GBP29.95$c22\1$5Uk
=650  \0$aPlace marketing$vPeriodicals.
=650  \0$aPublic relations$vPeriodicals.
=650  \0$aEconomic development$vPeriodicals.
=690  7\$aManagement and Business Studies$2blcoll
=776  0\$tPlace branding and public diplomacy$x1751-8040
=780  10$tPlace branding$c(Online)$x1744-070X
=856  \\$31850-9999$uhttp://www.palgrave.com/home/index.asp$xBLDSS
=856  40$uhttp://www.palgrave-journals.com/pb/index.html
=859  \\$aELD$bejournal
=859  \\$aXLD$bejournal
=852  41$aBritish Library$bHMNTS$jELD Digital store$3Volume 12:Issue 2(2016)-***Previous issues available in print copy
=852  41$aBritish Library$bDSC$j6506.735000$3Volume 4:Issue 1(2008)-Volume 7:Issue 4(2011)***See ESTAR for full holdings.
=945  \\$aPlace branding and public diplomacy
=959  \\$fHeld but not currently received
=979  \\$aBritish Library$bDSC$j6506.735000
=CAT  \\$a6537$b40$c20060630$lBLL01$h0812
=CAT  \\$a3072$b40$c20080718$lBLL01$h1538
=CAT  \\$a3072$b40$c20080718$lBLL01$h1605
=CAT  \\$a3072$b40$c20080721$lBLL01$h0944
=CAT  \\$a8464$b40$c20080724$lBLL01$h1538
=CAT  \\$aBATCH$b00$c20090624$lBLL01$h1715
=CAT  \\$aBATCH-UPD$b00$c20100818$lBLL01$h1552
=CAT  \\$aIPL-CLA$c20100930$lBLL01$h1529
=CAT  \\$aCDS12-UPD$b40$c20111212$lBLL01$h1842
=CAT  \\$aWR12_168$c20121206$lBLL01$h1817
=CAT  \\$aWR14_140$c20140905$lBLL01$h1812
=CAT  \\$aBLDSS-3PM$b00$c20160620$lBLL01$h1456
=CAT  \\$aBATCH-UPD$b00$c20160620$lBLL01$h1458
=CAT  \\$aBATCH-UPD$b00$c20171121$lBLL01$h1713
=CAT  \\$aIPL-CLA$c20171231$lBLL01$h1656
=CAT  \\$a14412$b40$c20180119$lBLL01$h1442
=CAT  \\$aBATCH-UPD$b40$c20180223$lBLL01$h1820
=CAT  \\$aIPL-CLA$c20180331$lBLL01$h1625
=CAT  \\$aBATCH-UPD$b00$c20180524$lBLL01$h1739
=CAT  \\$aIPL-CLA$c20180630$lBLL01$h1919
=CAT  \\$aBATCH-UPD$b00$c20180704$lBLL01$h0023
=CAT  \\$aW1908-0780$b00$c20200730$lBLL01$h1329
=CAT  \\$a5410$b40$c20200818$lBLL01$h1947
=CAT  \\$aCDS21$c20220118$lBLL01$h1105
=CAT  \\$aBATCH-UPD$b00$c20221121$lBLL01$h1401
=CAT  \\$aIPL-CLA$c20221231$lBLL01$h1447
=CFI  0\$aCurrent copyright fee: GBP29.95$c22\1$e01-jan-2023$fGBP29.95$g0$hP$5Uk
=CFI  2\$aPrevious copyright fee: GBP34.00$c22\1$e01-jul-2018$fGBP34.00$g0$hP$5Uk
=EST  \\$a1
=FFP  \\$aY$bBLDSS-3PM
=FIN  \\$aY$d20070302
=MNI  \\$a1751-8040
=TCO  \\$aCLA$bCLA$c008
=TOC  \\$aETOC
=UNO  \\$aY
=ACF  \\$aPrevious Copyright Fee: GBP17.50$c39\0$e24-jul-2008$fGBP17.50$g0$hP$5Uk
=ACF  \\$aPrevious copyright fee: GBP22.00$c39\0$e01-oct-2010$fGBP22.00$g0$hP$5Uk
=ACF  \\$aPrevious copyright fee: GBP30.74$c39\0$e01-jan-2018$fGBP30.74$g0$hP$5Uk
=ACF  \\$aPrevious copyright fee: GBP28.54$c39\0$e01-apr-2018$fGBP28.54$g0$hP$5Uk
=LAS  \\$aIPL-CLA$b00$c20221231$lBLL01$h1447

