=LDR  06089cas a2201333 a 4500
=001  013545107
=003  Uk
=005  20230314145707.0
=006  m\\\\\\\\d\\\\\\\\
=007  cr\n||||||||||
=008  060711c19719999ne\qr\pso\\\\\0\\\\0eng\d
=FMT  \\$a  SE
=016  \\$a002379267$2IsJJNL
=016  \\$a007862112
=022  0\$a1574-9274$y0048-3893
=035  \\$a(OCoLC)70277521$z(OCoLC)240897575$z(OCoLC)300648379
=037  \\$a???$bSpringer
=040  \\$aJNA$beng$cJNA$dMUQ$dOCL$dUQ1$dSFB$dUX1$dCIT$dOCLCQ$dCUD$dUk
=050  \4$aB1
=082  04$a100$223
=130  0\$aPhilosophia (Ramat-Gan, Israel : Online)
=222  \0$aPhilosophia$b(Dordrecht. Online)
=245  10$aPhilosophia$h[electronic resource].
=260  \\$aDordrecht :$bSpringer
=300  \\$av. ;$c22 cm.
=310  \\$a4 no. a year
=336  \\$atext$2rdacontent
=337  \\$acomputer$2rdamedia
=338  \\$aonline resource$2rdacarrier
=362  1\$aBegan with vol. 1 (Jan. 1971).
=500  \\$a"Philosophical quarterly of Israel."
=515  \\$aSome no. are combined issues.
=550  \\$aVols. for <1973>- issued by the University's Dept. of Philosophy.
=588  \\$aDescription based on: V. 25:no. 1/4 (1997:Apr.); title from journal home page (SpringerLink, Feb. 19, 2010).
=588  \\$aLatest issue consulted:Vol. 40, no. 1 (Mar. 2012), SpringerLink, viewed 28/02/12.
=506  \\$aAccess restricted to authorised University of Cambridge users.
=538  \\$aMode of access: World Wide Web.
=540  \\$aCurrent copyright fee: GBP29.95$c22\1$5Uk
=650  \0$aPhilosophy$vPeriodicals.
=650  \6$aPhilosophie$vPériodiques.
=650  \7$aPhilosophie.$2rasuqam
=650  17$aFilosofie.$2gtt
=655  \7$aPériodique électronique (Descripteur de forme)$2rasuqam
=655  \7$aRessource Internet (Descripteur de forme)$2rasuqam
=655  \0$aElectronic journals.
=710  2\$aUniversiṭat Bar-Ilan.$bMaḥlaḳah le-filosofyah.
=776  08$iPrint version$tPhilosophia$x0048-3893
=859  \\$aELD$bejournal
=856  \\$31850-9999$uhttp://www.springer.com/gb/$xBLDSS
=856  40$uhttp://cufts2.lib.sfu.ca/CJDB/BVAS/journal/140545
=856  40$uhttp://www.springerlink.com/content/0048-3893
=856  40$uhttp://www.springerlink.com/openurl.asp?genre=journal&issn=0048-3893
=859  \\$aXLD$bejournal
=852  \\$aBritish Library$bDSC$j6461.492000$3Volume 25:Issue 1/4(1997)-Volume 46:Issue 1(2018)***See ESTAR for full holdings.
=852  41$aBritish Library$bHMNTS$jELD Digital store$3Volume 46:Issue 2(2018)-
=945  \\$aPhilosophia -Ramat gan Israel-
=959  \\$fHeld but not currently received
=979  \\$aBritish Library$bDSC$j6461.492000
=CAT  \\$a7174$b40$c20060904$lBLL01$h1200
=CAT  \\$aIPL-CLA$c20150630$lBLL01$h1652
=CAT  \\$aBATCH-UPD$b00$c20150820$lBLL01$h1752
=CAT  \\$aIPL-CLA$c20150930$lBLL01$h1813
=CAT  \\$aBATCH-UPD$b00$c20160217$lBLL01$h1638
=CAT  \\$aIPL-CLA$c20160331$lBLL01$h1735
=CAT  \\$aBATCH-UPD$b00$c20160524$lBLL01$h2157
=CAT  \\$aBATCH-UPD$b00$c20160524$lBLL01$h2250
=CAT  \\$aBATCH-016$c20160608$lBLL01$h1430
=CAT  \\$aBATCH-UPD$b00$c20160824$lBLL01$h1715
=CAT  \\$aIPL-CLA$c20160930$lBLL01$h1609
=CAT  \\$aBATCH-UPD$b00$c20170216$lBLL01$h1802
=CAT  \\$aIPL-CLA$c20170331$lBLL01$h1849
=CAT  \\$aBATCH-UPD$b00$c20170904$lBLL01$h1803
=CAT  \\$aIPL-CLA$c20170929$lBLL01$h1734
=CAT  \\$aBATCH-UPD$b00$c20180223$lBLL01$h1620
=CAT  \\$aIPL-CLA$c20180331$lBLL01$h1625
=CAT  \\$aW1805-0475$c20180520$lBLL01$h1632
=CAT  \\$aBATCH-UPD$b00$c20180524$lBLL01$h1653
=CAT  \\$aIPL-CLA$c20180630$lBLL01$h1919
=CAT  \\$aW1908-0780$b00$c20200730$lBLL01$h1329
=CAT  \\$a15190$b40$c20210325$lBLL01$h1146
=CAT  \\$aCDS21$c20220118$lBLL01$h1105
=CAT  \\$aBATCH-UPD$b00$c20221121$lBLL01$h1401
=CAT  \\$aIPL-CLA$c20221231$lBLL01$h1447
=CAT  \\$a5410$b40$c20230314$lBLL01$h1457
=CFI  0\$aCurrent copyright fee: GBP29.95$c22\1$e01-jan-2023$fGBP29.95$g0$hP$5Uk
=CFI  2\$aPrevious copyright fee: GBP34.00$c22\1$e01-jul-2018$fGBP34.00$g0$hP$5Uk
=EST  \\$a1
=FFP  \\$aY$bBLDSS-3PM
=FIN  \\$aY$d20120228
=LKR  \\$aPAR$b007862112$lBLL01$r776$mPhilosophia (Dordrecht. Online)$nPhilosophia (Ramat Gan)
=MNI  \\$a0048-3893
=SID  \\$aZ39$bOCLC
=TCO  \\$aXXX$c008
=TOC  \\$aETOC
=UNO  \\$aY
=ACF  \\$aPrevious copyright fee: GBP21.25$c13\1$e01-jan-2009$fGBP21.25$g0$hP$5Uk
=ACF  \\$aPrevious copyright fee: GBP16.75$c13\1$e01-jan-2007$fGBP16.75$g0$hP$5Uk
=ACF  \\$aPrevious Copyright Fee: GBP16.22$c13\1$e01-oct-2006$fGBP16.22$g0$hP$5Uk
=ACF  \\$aPrevious Copyright Fee: GBP17.14$c13\1$e04-sep-2006$fGBP17.14$g0$hP$5Uk
=ACF  \\$aPrevious copyright fee: GBP22.00$c13\1$e01-apr-2009$fGBP22.00$g0$hP$5Uk
=ACF  \\$aPrevious copyright fee: GBP22.00$c13\1$e12-aug-2012$fGBP22.00$g0$hP$5Uk
=ACF  \\$aPrevious copyright fee: GBP25.00$c13\1$e01-jan-2013$fGBP25.00$g0$hP$5Uk
=ACF  \\$aPrevious copyright fee: GBP25.77$c13\1$e01-jul-2013$fGBP25.77$g0$hP$5Uk
=ACF  \\$aPrevious copyright fee: GBP24.97$c13\1$e01-jan-2014$fGBP24.97$g0$hP$5Uk
=ACF  \\$aPrevious copyright fee: GBP24.21$c13\1$e01-jul-2014$fGBP24.21$g0$hP$5Uk
=ACF  \\$aPrevious copyright fee: GBP25.77$c13\1$e01-apr-2015$fGBP25.77$g0$hP$5Uk
=ACF  \\$aPrevious copyright fee: GBP26.63$c13\1$e01-jul-2015$fGBP26.63$g0$hP$5Uk
=ACF  \\$aPrevious copyright fee: GBP25.77$c13\1$e01-oct-2015$fGBP25.77$g0$hP$5Uk
=ACF  \\$aPrevious copyright fee: GBP27.55$c13\1$e01-apr-2016$fGBP27.55$g0$hP$5Uk
=ACF  \\$aPrevious copyright fee: GBP29.59$c13\1$e01-oct-2016$fGBP29.59$g0$hP$5Uk
=ACF  \\$aPrevious copyright fee: GBP31.96$c13\1$e01-apr-2017$fGBP31.96$g0$hP$5Uk
=ACF  \\$aPrevious copyright fee: GBP30.73$c13\1$e01-oct-2017$fGBP30.73$g0$hP$5Uk
=ACF  \\$aPrevious copyright fee: GBP28.54$c13\1$e01-apr-2018$fGBP28.54$g0$hP$5Uk
=LAS  \\$a5410$b40$c20230314$lBLL01$h1457

