=LDR  04675cas a2201105 a 4500
=001  011457502
=003  Uk
=005  20220930142537.0
=006  m\\\\\\\\d\|\\\\\\
=007  cr||||||||||||
=008  990510c19799999enktr\p\s\\\\\0\\\a0eng\\
=FMT  \\$a  SE
=015  \\$aGBA874589$2bnb
=022  0\$a1466-4380$y0141-7789$202
=037  \\$a???$bSpringer
=037  3\$afer$bSage (UK) Ltd
=040  \\$aUk$beng$cUk$dUk
=042  \\$aukblsr$aissnuk
=082  04$a305.4205$222
=130  0\$aFeminist review (Online)
=210  0\$aFem. rev.$b(Online)
=222  \0$aFeminist review$b(Online)
=245  10$aFeminist review$h[electronic resource].
=260  \\$a[London] :$bRoutledge
=260  3\$aBasingstoke :$bPalgrave Macmillan
=310  \\$aThree issues yearly
=336  \\$atext$2rdacontent
=337  \\$acomputer$2rdamedia
=338  \\$aonline resource$2rdacarrier
=362  1\$aPrint began in 1979.
=500  \\$aDescription based on journal information screen on publisher's web site (viewed on 5th June 2008).
=538  \\$aMode of access: World Wide Web.
=540  \\$aCurrent copyright fee: GBP32.82$c19\0$5Uk
=650  \0$aFeminism$vPeriodicals.
=690  7\$aSocial Welfare$2blcoll
=776  0\$tFeminist review$x0141-7789
=856  \\$31850-9999$uhttp://www.palgrave.com/home/index.asp$xBLDSS
=856  40$uhttp://www.palgrave-journals.com/fr/index.html
=859  \\$aELD$bejournal
=859  \\$aXLD$bejournal
=852  41$aBritish Library$bHMNTS$jELD Digital store$3Volume 103:Issue 1(2013)-***Previous issues available in print copy
=852  41$aBritish Library$bDSC$j3905.197600$3Volume 1:Issue 1(1979)-Volume 99:Issue 1(2011)***See ESTAR for full holdings.
=945  \\$aFeminist review
=959  \\$fHeld but not currently received
=CAT  \\$aCONV$b00$c20040425$lBLL90$h0850
=CAT  \\$aBATCH-UPD$b00$c20180704$lBLL01$h0023
=CAT  \\$a5552$b40$c20181214$lBLL01$h1354
=CAT  \\$aBATCH-UPD$b40$c20181218$lBLL01$h2127
=CAT  \\$aIPL-CLA$c20181231$lBLL01$h1538
=CAT  \\$a5552$b40$c20190107$lBLL01$h1358
=CAT  \\$aBATCH-UPD$b40$c20190521$lBLL01$h1406
=CAT  \\$aIPL-CLA$c20190630$lBLL01$h1530
=CAT  \\$aBATCH-UPD$b00$c20190829$lBLL01$h1515
=CAT  \\$aIPL-CLA$c20190930$lBLL01$h1633
=CAT  \\$a15190$b40$c20191209$lBLL01$h1131
=CAT  \\$a15190$b40$c20191209$lBLL01$h1133
=CAT  \\$aBATCH-UPD$b40$c20200219$lBLL01$h1508
=CAT  \\$aIPL-CLA$c20200331$lBLL01$h1610
=CAT  \\$aBATCH-UPD$b00$c20200522$lBLL01$h1446
=CAT  \\$aIPL-CLA$c20200701$lBLL01$h0051
=CAT  \\$aW1908-0780$b00$c20200730$lBLL01$h1322
=CAT  \\$a11033$b40$c20200803$lBLL01$h1145
=CAT  \\$aBATCH-UPD$b40$c20210226$lBLL01$h1027
=CAT  \\$aIPL-CLA$c20210331$lBLL01$h1658
=CAT  \\$aBATCH-UPD$b00$c20210707$lBLL01$h1551
=CAT  \\$aIPL-CLA$c20210707$lBLL01$h1842
=CAT  \\$aBATCH-UPD$b00$c20220520$lBLL01$h1638
=CAT  \\$aIPL-CLA$c20220630$lBLL01$h1536
=CAT  \\$aBATCH-UPD$b00$c20220824$lBLL01$h0904
=CAT  \\$aIPL-CLA$c20220930$lBLL01$h1425
=CFI  0\$aCurrent copyright fee: GBP32.82$c19\0$e01-oct-2022$fGBP32.82$g0$hP$5Uk
=CFI  2\$aPrevious copyright fee: GBP31.50$c19\0$e01-jul-2022$fGBP31.50$g0$hP$5Uk
=EST  \\$a1
=FFP  \\$aY$bBLDSS-3PM
=FIN  \\$aY
=LEO  \\$aMP22.0000061012
=MNI  \\$a0141-7789
=SRC  \\$aISN01$bbibmp22.200404.2.aa
=TCO  \\$aCLA$bCLA$c008
=TOC  \\$aETOC
=UNO  \\$aY
=ACF  \\$aPrevious Copyright Fee: GBP17.50$c39\0$e21-jul-2008$fGBP17.50$g0$hP$5Uk
=ACF  \\$aPrevious copyright fee: GBP22.00$c39\0$e01-oct-2010$fGBP22.00$g0$hP$5Uk
=ACF  \\$aPrevious copyright fee: GBP30.74$c39\0$e01-jan-2018$fGBP30.74$g0$hP$5Uk
=ACF  \\$aPrevious copyright fee: GBP28.54$c39\0$e01-apr-2018$fGBP28.54$g0$hP$5Uk
=ACF  \\$aPrevious Copyright Fee: GBP17.50$c0$e01-jan-2019$fGBP17.50$g0$hA$5Uk
=ACF  \\$aPrevious copyright fee: GBP34.00$c22\1$e01-jul-2018$fGBP34.00$g0$hP$5Uk
=ACF  \\$aPrevious Copyright Fee: GBP27.69$c19\0$e01-jan-2019$fGBP27.69$g0$hP$5Uk
=ACF  \\$aPrevious copyright fee: GBP29.08$c19\0$e01-jul-2019$fGBP29.08$g0$hP$5Uk
=ACF  \\$aPrevious copyright fee: GBP30.24$c19\0$e01-oct-2019$fGBP30.24$g0$hP$5Uk
=ACF  \\$aPrevious copyright fee: GBP30.29$c19\0$e01-apr-2020$fGBP30.29$g0$hP$5Uk
=ACF  \\$aPrevious copyright fee: GBP31.50$c19\0$e01-jul-2020$fGBP31.50$g0$hP$5Uk
=ACF  \\$aPrevious copyright fee: GBP29.17$c19\0$e01-apr-2021$fGBP29.17$g0$hP$5Uk
=ACF  \\$aPrevious copyright fee: GBP28.13$c19\0$e07-jul-2021$fGBP28.13$g0$hP$5Uk
=LAS  \\$aIPL-CLA$b00$c20220930$lBLL01$h1425

