=LDR  04338cas a2201009 i 4500
=001  016335900
=003  Uk
=005  20230414163113.0
=006  m\\\\\\\\d\\\\\\\\
=007  cr\|||||||||||
=008  130308c20129999ja\fr\p\s\\\\\0\\\a0eng\\
=FMT  \\$a  SE
=022  \\$a2192-4449
=037  \\$a???$bSpringer
=040  \\$aUk$beng$cUk$erda
=042  \\$aukblsr
=082  04$a616.61005$223
=245  00$aCEN case reports.
=246  3\$aClinical and Experimental Nephrology case reports
=264  \1$a[Tokyo] :$bSpringer Japan,$c2012-
=310  \\$aSemiannual
=336  \\$atext$2rdacontent
=337  \\$acomputer$2rdamedia
=338  \\$aonline resource$2rdacarrier
=362  0\$aVolume 1, issue 1 (May 2012)-
=500  \\$aTitle from journal information screen (SpringerLink, viewed June 19, 2013).
=550  \\$aOfficial publication of the Japanese Society of Nephrology.
=540  \\$aCurrent copyright fee: GBP34.95$c22\1$5Uk
=650  \0$aNephrology$vPeriodicals.
=710  2\$aNihon Jinzō Gakkai,$eissuing body.
=859  \\$aELD$bejournal
=856  \\$31850-9999$uhttp://www.springer.com/gb/$xBLDSS
=856  40$uhttp://link.springer.com/journal/13730
=859  \\$aXLD$bejournal
=852  \\$aBritish Library$bDSC$j3102.270000$3Volume 1:Issue 1(2012)-Volume 6:Issue 2(2017)***See ESTAR for full holdings.
=852  41$aBritish Library$bHMNTS$jELD Digital store$3Volume 7:Issue 1(2018)-
=945  \\$aCEN Case Reports
=959  \\$fHeld but not currently received
=979  \\$aBritish Library$bDSC$j3102.270000
=CAT  \\$a12654$b40$c20130508$lBLL01$h1145
=CAT  \\$aIPL-CLA$c20150930$lBLL01$h1848
=CAT  \\$aBATCH-UPD$b00$c20160217$lBLL01$h1721
=CAT  \\$aIPL-CLA$c20160331$lBLL01$h1812
=CAT  \\$aBATCH-UPD$b00$c20160523$lBLL01$h1124
=CAT  \\$aBATCH-UPD$b00$c20160524$lBLL01$h2215
=CAT  \\$aBATCH-UPD$b00$c20160824$lBLL01$h1750
=CAT  \\$aIPL-CLA$c20160930$lBLL01$h1638
=CAT  \\$aBATCH-UPD$b00$c20170216$lBLL01$h1837
=CAT  \\$aIPL-CLA$c20170331$lBLL01$h1916
=CAT  \\$aBATCH-UPD$b00$c20170904$lBLL01$h1845
=CAT  \\$aIPL-CLA$c20170929$lBLL01$h1802
=CAT  \\$aBATCH-UPD$b00$c20180223$lBLL01$h1706
=CAT  \\$aIPL-CLA$c20180331$lBLL01$h1704
=CAT  \\$aW1805-0475$c20180520$lBLL01$h1632
=CAT  \\$aBATCH-UPD$b00$c20180524$lBLL01$h1709
=CAT  \\$aIPL-CLA$c20180630$lBLL01$h1938
=CAT  \\$aW1908-0780$b00$c20200730$lBLL01$h1332
=CAT  \\$a5552$b40$c20200819$lBLL01$h0754
=CAT  \\$a5552$b40$c20210810$lBLL01$h1358
=CAT  \\$aIPL-CLA$c20210930$lBLL01$h1528
=CAT  \\$a15190$b40$c20211109$lBLL01$h1244
=CAT  \\$aCDS21$c20220118$lBLL01$h1105
=CAT  \\$aBATCH-UPD$b00$c20221121$lBLL01$h1412
=CAT  \\$aIPL-CLA$c20221231$lBLL01$h1451
=CAT  \\$a5410$b40$c20230414$lBLL01$h1631
=CFI  0\$aCurrent copyright fee: GBP34.95$c22\1$e01-jan-2023$fGBP34.95$g0$hP$5Uk
=CFI  2\$aPrevious copyright fee: GBP43.00$c22\1$e01-oct-2021$fGBP43.00$g0$hP$5Uk
=EST  \\$a1
=FFP  \\$aY$bBLDSS-3PM
=FIN  \\$aY$d20130619
=MNI  \\$a2192-4449
=TOC  \\$aETOC
=UNO  \\$aY
=ACF  \\$aPrevious copyright fee: GBP25.00$c22\1$e08-may-2013$fGBP25.00$g0$hP$5Uk
=ACF  \\$aPrevious copyright fee: GBP25.77$c22\1$e01-jul-2013$fGBP25.77$g0$hP$5Uk
=ACF  \\$aPrevious copyright fee: GBP24.97$c22\1$e01-jan-2014$fGBP24.97$g0$hP$5Uk
=ACF  \\$aPrevious copyright fee: GBP24.21$c22\1$e01-jul-2014$fGBP24.21$g0$hP$5Uk
=ACF  \\$aPrevious copyright fee: GBP25.77$c22\1$e01-apr-2015$fGBP25.77$g0$hP$5Uk
=ACF  \\$aPrevious copyright fee: GBP26.63$c22\1$e01-jul-2015$fGBP26.63$g0$hP$5Uk
=ACF  \\$aPrevious copyright fee: GBP25.77$c22\1$e01-oct-2015$fGBP25.77$g0$hP$5Uk
=ACF  \\$aPrevious copyright fee: GBP27.55$c22\1$e01-apr-2016$fGBP27.55$g0$hP$5Uk
=ACF  \\$aPrevious copyright fee: GBP29.59$c22\1$e01-oct-2016$fGBP29.59$g0$hP$5Uk
=ACF  \\$aPrevious copyright fee: GBP31.96$c22\1$e01-apr-2017$fGBP31.96$g0$hP$5Uk
=ACF  \\$aPrevious copyright fee: GBP30.73$c22\1$e01-oct-2017$fGBP30.73$g0$hP$5Uk
=ACF  \\$aPrevious copyright fee: GBP28.54$c22\1$e01-apr-2018$fGBP28.54$g0$hP$5Uk
=ACF  \\$aPrevious copyright fee: GBP34.00$c22\1$e01-jul-2018$fGBP34.00$g0$hP$5Uk
=LAS  \\$a5410$b40$c20230414$lBLL01$h1631

