=LDR  04711cas a2201069 a 4500
=001  016419949
=003  Uk
=005  20230415165232.0
=006  m\\\\\\\\d\\\\\\\\
=007  cr\|||||||||||
=008  130711c20139999gw\qr\p\o\\\\\0\\\a0eng\\
=FMT  \\$a  SE
=022  0\$a2281-5937$l2281-6917
=035  \\$a(OCoLC)852792073
=037  \\$a???$bSpringer
=040  \\$aAU@$beng$cAU@$dOCLCO$dUk
=042  \\$aukblsr
=082  04$a510.5$223
=130  0\$aLettera matematica PRISTEM.$lEnglish.
=222  \0$aLettera matematica$b(international ed., Online)
=245  10$aLettera matematica$h[electronic resource].
=246  13$aLMIE
=250  \\$aInternational ed.
=264  \1$aMilan :$bSpringer Verlag Italia Srl,$c2013-
=310  \\$aQuarterly
=336  \\$atext$2rdacontent
=337  \\$acomputer$2rdamedia
=338  \\$aonline resource$2rdacarrier
=362  0\$aVol. 1, issue 1/2 (June 2013)-
=500  \\$aEach year there is a special "monographic" issue devoted to a special figure or theme in mathematics.
=515  \\$aFirst issue of International edition corresponds to issue 84-85 of the Italian edition.
=588  \\$aTitle from editorial notes, vol. 1, issue 1-2 (June 2013), viewed SpringerLink, July 11, 2013.
=588  \\$aLatest issue consulted: volume 1, issue 4 (March 2014) (SpringerLink, viewed May 27, 2014).
=540  \\$aCurrent copyright fee: GBP29.95$c22\1$5Uk
=650  \0$aMathematics$vPeriodicals.
=655  \0$aElectronic journals.
=710  2\$aUniversità commerciale Luigi Bocconi.$bCentro per l'elaborazione logica e l'utilizzazione sistematica dell'informazione.$bSezione P.RI.ST.EM.
=765  0\$iTranslation of$tLettera matematica PRISTEM$x1970-6820
=859  \\$aELD$bejournal
=856  \\$31850-9999$uhttp://www.springer.com/gb/$xBLDSS
=856  40$uhttp://link.springer.com/journal/40329
=859  \\$aXLD$bejournal
=852  41$aBritish Library$bHMNTS$jELD Digital store$3Volume 5:Issue 4(2017)
=852  41$aBritish Library$bDSC$j5185.170900$3Volume 1:Issue 1/2(2013)-Volume 6:Issue 1(2018)***See ESTAR for full holdings.
=945  \\$aLettera matematica.
=959  \\$fHeld but not currently received
=979  \\$aBritish Library$bDSC$j5185.170900
=CAT  \\$a12654$b40$c20130529$lBLL01$h1445
=CAT  \\$a8124$b40$c20140529$lBLL01$h1235
=CAT  \\$aBATCH-UPD$b40$c20140919$lBLL01$h0915
=CAT  \\$aBLDSS-3PM$b00$c20150103$lBLL01$h1049
=CAT  \\$a5552$b40$c20160222$lBLL01$h0917
=CAT  \\$aIPL-CLA$c20160331$lBLL01$h1812
=CAT  \\$a5552$b40$c20160421$lBLL01$h1338
=CAT  \\$aBATCH-UPD$b40$c20160524$lBLL01$h2215
=CAT  \\$aBATCH-UPD$b40$c20160525$lBLL01$h0056
=CAT  \\$aBATCH-UPD$b40$c20160824$lBLL01$h1750
=CAT  \\$aIPL-CLA$c20160930$lBLL01$h1639
=CAT  \\$aBATCH-UPD$b00$c20170216$lBLL01$h1837
=CAT  \\$aIPL-CLA$c20170331$lBLL01$h1917
=CAT  \\$aBATCH-UPD$b00$c20170904$lBLL01$h1845
=CAT  \\$aIPL-CLA$c20170929$lBLL01$h1802
=CAT  \\$aBATCH-UPD$b00$c20180223$lBLL01$h1706
=CAT  \\$aIPL-CLA$c20180331$lBLL01$h1705
=CAT  \\$aW1805-0475$c20180520$lBLL01$h1632
=CAT  \\$aBATCH-UPD$b00$c20180524$lBLL01$h1709
=CAT  \\$aIPL-CLA$c20180630$lBLL01$h1938
=CAT  \\$a5410$b40$c20200318$lBLL01$h1053
=CAT  \\$aW1908-0780$b00$c20200730$lBLL01$h1333
=CAT  \\$a6811$b40$c20200803$lBLL01$h1212
=CAT  \\$a15190$b40$c20210305$lBLL01$h1506
=CAT  \\$aBATCH-UPD$b40$c20221121$lBLL01$h1406
=CAT  \\$aIPL-CLA$c20221231$lBLL01$h1451
=CAT  \\$a5410$b40$c20230415$lBLL01$h1652
=CFI  0\$aCurrent copyright fee: GBP29.95$c22\1$e01-jan-2023$fGBP29.95$g0$hP$5Uk
=CFI  2\$aPrevious copyright fee: GBP34.00$c22\1$e01-jul-2018$fGBP34.00$g0$hP$5Uk
=EST  \\$a1
=FFP  \\$aY$bBLDSS-3PM
=FIN  \\$aY$d20140527
=LKR  \\$aPAR$b013104116$lBLL01$nLettera matematica pristem. (Online)$mLettera matematica pristem. English edition (Online)$r765
=MNI  \\$a2281-6917
=SID  \\$aZ39$bOCLC
=TOC  \\$aETOC
=UNO  \\$aY
=ACF  \\$aPrevious copyright fee: GBP27.55$c19\0$e01-apr-2016$fGBP27.55$g0$hP$5Uk
=ACF  \\$aPrevious copyright fee: GBP25.00$c22\1$e29-may-2013$fGBP25.00$g0$hP$5Uk
=ACF  \\$aPrevious copyright fee: GBP27.55$c22\1$e21-apr-2016$fGBP27.55$g0$hP$5Uk
=ACF  \\$aPrevious copyright fee: GBP29.59$c22\1$e01-oct-2016$fGBP29.59$g0$hP$5Uk
=ACF  \\$aPrevious copyright fee: GBP31.96$c22\1$e01-apr-2017$fGBP31.96$g0$hP$5Uk
=ACF  \\$aPrevious copyright fee: GBP30.73$c22\1$e01-oct-2017$fGBP30.73$g0$hP$5Uk
=ACF  \\$aPrevious copyright fee: GBP28.54$c22\1$e01-apr-2018$fGBP28.54$g0$hP$5Uk
=LAS  \\$a5410$b40$c20230415$lBLL01$h1652

