=LDR  05023cas a2201093 i 4500
=001  016599794
=003  Uk
=005  20230416114604.0
=006  m\\\\\\\\d\\\\\\\\
=007  cr\|||||||||||
=008  140109c19789999sz\qx\p\o\\\\\0\\\a0eng\\
=FMT  \\$a  SE
=022  \\$a1806-9959
=037  \\$a???$bSpringer
=040  \\$aUk$beng$cUk$erda
=041  0\$aeng$apor
=042  \\$aukblsr
=082  04$a580.5$223
=222  \0$aRevista brasileira de botânica$b(Online)
=245  00$aRevista brasileira de botânica =$bBrazilian journal of botany.
=246  31$aBrazilian journal of botany
=264  \1$aCham :$bSpringer International
=310  \\$aFour issues yearly
=336  \\$atext$2rdacontent
=337  \\$acomputer$2rdamedia
=338  \\$aonline resource$2rdacarrier
=362  0\$aPrint version began in 1978.
=500  \\$aPrint version originally published by Sociedade Botânica do Brasil, Regional de São Paulo.
=588  \\$aDescription based on: volume 36, issue 1 (March 2013); title from thumbnail of cover (publisher's Web site, viewed October 3, 2014).
=588  \\$aLatest issue consulted: volume 37, issue 2 (June 2014).
=546  \\$aIn English or Portuguese. From 2012- in English.
=540  \\$aCurrent copyright fee: GBP29.95$c22\1$5Uk
=650  \0$aBotany$vPeriodicals.
=650  \0$aBotany$zBrazil$vPeriodicals.
=710  2\$aSociedade Botânica de São Paulo,$eissuing body.
=776  08$iAlso issued in print as:$tRevista brasileira de botânica$x0100-8404
=859  \\$aELD$bejournal
=856  \\$31850-9999$uhttp://www.springer.com/gb/$xBLDSS
=856  40$uhttp://link.springer.com/journal/40415
=856  40$uhttp://www.scielo.br/scielo.php?script=sci_serial&pid=0100-8404&lng=en&nrm=iso
=859  \\$aXLD$bejournal
=852  41$aBritish Library$bDSC$j7844.050000$3Volume 36:Issue 4(2013)-Volume 40:Issue 4(2017)***See ESTAR for full holdings.
=852  41$aBritish Library$bHMNTS$jELD Digital store$3Volume 41:Issue 1(2018)-
=945  \\$aBrazilian Journal of Botany
=959  \\$fHeld but not currently received
=979  \\$aBritish Library$bDSC$j7844.050000
=985  \\$aNot clear from catalogue records for print version if English title was on first issue but present from 1985 onwards on print issues - SF 3/10/2014.
=CAT  \\$a12654$b40$c20140109$lBLL01$h0830
=CAT  \\$aBATCH-UPD$b00$c20150520$lBLL01$h1752
=CAT  \\$aIPL-CLA$c20150630$lBLL01$h1721
=CAT  \\$aBATCH-UPD$b00$c20150820$lBLL01$h1840
=CAT  \\$aIPL-CLA$c20150930$lBLL01$h1850
=CAT  \\$aBATCH-UPD$b00$c20160217$lBLL01$h1730
=CAT  \\$aIPL-CLA$c20160331$lBLL01$h1814
=CAT  \\$aBATCH-UPD$b00$c20160524$lBLL01$h2215
=CAT  \\$aBATCH-UPD$b00$c20160525$lBLL01$h0057
=CAT  \\$aBATCH-UPD$b00$c20160824$lBLL01$h1757
=CAT  \\$aIPL-CLA$c20160930$lBLL01$h1640
=CAT  \\$aBATCH-UPD$b00$c20170216$lBLL01$h1845
=CAT  \\$aIPL-CLA$c20170331$lBLL01$h1919
=CAT  \\$aBATCH-UPD$b00$c20170904$lBLL01$h1854
=CAT  \\$aIPL-CLA$c20170929$lBLL01$h1804
=CAT  \\$aBATCH-UPD$b00$c20180223$lBLL01$h1727
=CAT  \\$aIPL-CLA$c20180331$lBLL01$h1707
=CAT  \\$aW1805-0475$c20180520$lBLL01$h1632
=CAT  \\$aBATCH-UPD$b00$c20180524$lBLL01$h1715
=CAT  \\$aIPL-CLA$c20180630$lBLL01$h1939
=CAT  \\$aW1908-0780$b00$c20200730$lBLL01$h1333
=CAT  \\$a15190$b40$c20201009$lBLL01$h1504
=CAT  \\$aCDS21$c20220118$lBLL01$h1105
=CAT  \\$aBATCH-UPD$b00$c20221121$lBLL01$h1406
=CAT  \\$aIPL-CLA$c20221231$lBLL01$h1452
=CAT  \\$a5410$b40$c20230416$lBLL01$h1146
=CFI  0\$aCurrent copyright fee: GBP29.95$c22\1$e01-jan-2023$fGBP29.95$g0$hP$5Uk
=CFI  2\$aPrevious copyright fee: GBP34.00$c22\1$e01-jul-2018$fGBP34.00$g0$hP$5Uk
=EST  \\$a1
=FFP  \\$aY$bBLDSS-3PM
=FIN  \\$aY$d20141003
=LET  \0$aBrazilian journal of botany (Electronic)
=LKR  \\$aPAR$b009222551$lBLL01$nRevista brasileira de botânica (Print)$mRevista brasileira de botânica (Online)$r776
=MNI  \\$a0100-8404
=TOC  \\$aETOC
=UNO  \\$aY
=ACF  \\$aPrevious copyright fee: GBP24.97$c22\3$e09-jan-2014$fGBP24.97$g0$hP$5Uk
=ACF  \\$aPrevious copyright fee: GBP24.21$c22\3$e01-jul-2014$fGBP24.21$g0$hP$5Uk
=ACF  \\$aPrevious copyright fee: GBP25.77$c22\3$e01-apr-2015$fGBP25.77$g0$hP$5Uk
=ACF  \\$aPrevious copyright fee: GBP26.63$c22\3$e01-jul-2015$fGBP26.63$g0$hP$5Uk
=ACF  \\$aPrevious copyright fee: GBP25.77$c22\3$e01-oct-2015$fGBP25.77$g0$hP$5Uk
=ACF  \\$aPrevious copyright fee: GBP27.55$c22\3$e01-apr-2016$fGBP27.55$g0$hP$5Uk
=ACF  \\$aPrevious copyright fee: GBP29.59$c22\3$e01-oct-2016$fGBP29.59$g0$hP$5Uk
=ACF  \\$aPrevious copyright fee: GBP31.96$c22\3$e01-apr-2017$fGBP31.96$g0$hP$5Uk
=ACF  \\$aPrevious copyright fee: GBP30.73$c22\3$e01-oct-2017$fGBP30.73$g0$hP$5Uk
=ACF  \\$aPrevious copyright fee: GBP28.54$c22\3$e01-apr-2018$fGBP28.54$g0$hP$5Uk
=LAS  \\$a5410$b40$c20230416$lBLL01$h1146

