=LDR  04994cas a2201069 i 4500
=001  016624457
=003  Uk
=005  20230505144617.0
=006  m\\\\\\\\d\\\\\\\\
=007  cr\|||||||||||
=008  140207c20049999ne\br\p\s\\\\\0\\\a0eng\\
=FMT  \\$a  SE
=022  \\$a2212-5469
=037  \\$a???$bSpringer
=040  \\$aUk$beng$cUk$erda
=041  0\$aeng$akor
=042  \\$aukblsr
=082  04$a612.028$223
=222  \0$aTissue engineering and regenerative medicine$b(Online)
=245  00$aTissue engineering and regenerative medicine.
=246  13$aTERM
=264  \1$a[Dordrecht] :$bSpringer, co-publication with the Korean Tissue Engineering and Regenerative Medicine Society
=310  \\$aBimonthly
=336  \\$atext$2rdacontent
=337  \\$acomputer$2rdamedia
=338  \\$aonline resource$2rdacarrier
=362  0\$aPrint version began in 2004.
=588  \\$aDescription based on: volume 9, issue 1 (February 2012); title from table of contents (SpringerLink, viewed September 30, 2014).
=588  \\$aLatest issue consulted: volume 11, issue 4 (August 2014) (viewed September 30, 2014).
=540  \\$aCurrent copyright fee: GBP29.95$c22\1$5Uk
=650  \0$aTissue engineering$vPeriodicals.
=650  \0$aRegenerative medicine$vPeriodicals.
=710  2\$aHan'guk Chojik Konghak Chaesaeng Ŭihakhoe,$eissuing body.
=776  08$iAlso issued in print as:$tJojig gonghag gwa jaesaeng uihag$x1738-2696
=856  \\$31850-9999$uhttp://www.springer.com/gb/$xBLDSS
=856  40$uhttp://link.springer.com/journal/13770
=856  40$uhttp://www.term.or.kr/
=859  \\$aXLD$bejournal
=859  \\$aELD$bejournal
=852  41$aBritish Library$bHMNTS$jELD Digital store$3Volume 15:Issue 2(2018)-
=852  41$aBritish Library$bDSC$j8858.859000$3Volume 11:Issue 1(2014)-Volume 15:Issue 2(2018)***See ESTAR for full holdings.
=945  \\$aTissue engineering and regenerative medicine.
=959  \\$fHeld but not currently received
=979  \\$aBritish Library$bDSC$j8858.859000
=985  \\$aUnable to establish if print version has changed title. (BL has one issue from 2008). No evidence of the Korean title on the 'e' versions available Sept. 2014. Have followed ISSN records which are linked with 776.
=CAT  \\$a12654$b40$c20140207$lBLL01$h1423
=CAT  \\$aBATCH-UPD$b00$c20150820$lBLL01$h1832
=CAT  \\$aIPL-CLA$c20150930$lBLL01$h1851
=CAT  \\$aBATCH-UPD$b00$c20160217$lBLL01$h1721
=CAT  \\$aIPL-CLA$c20160331$lBLL01$h1814
=CAT  \\$aBATCH-UPD$b00$c20160524$lBLL01$h2215
=CAT  \\$aBATCH-UPD$b00$c20160525$lBLL01$h0058
=CAT  \\$aBATCH-UPD$b00$c20160824$lBLL01$h1750
=CAT  \\$aIPL-CLA$c20160930$lBLL01$h1641
=CAT  \\$aBATCH-UPD$b00$c20170216$lBLL01$h1837
=CAT  \\$aIPL-CLA$c20170331$lBLL01$h1919
=CAT  \\$aBATCH-UPD$b00$c20170904$lBLL01$h1845
=CAT  \\$aIPL-CLA$c20170929$lBLL01$h1804
=CAT  \\$aBATCH-UPD$b00$c20180223$lBLL01$h1706
=CAT  \\$aIPL-CLA$c20180331$lBLL01$h1708
=CAT  \\$aW1805-0475$c20180520$lBLL01$h1632
=CAT  \\$aBATCH-UPD$b00$c20180524$lBLL01$h1709
=CAT  \\$aIPL-CLA$c20180630$lBLL01$h1939
=CAT  \\$a8871$b40$c20190205$lBLL01$h1251
=CAT  \\$aW1908-0780$b00$c20200730$lBLL01$h1333
=CAT  \\$a15005$b40$c20210225$lBLL01$h1451
=CAT  \\$a15005$b40$c20210225$lBLL01$h1452
=CAT  \\$aCDS21$c20220118$lBLL01$h1105
=CAT  \\$aBATCH-UPD$b00$c20221121$lBLL01$h1406
=CAT  \\$aIPL-CLA$c20221231$lBLL01$h1452
=CAT  \\$a5410$b40$c20230505$lBLL01$h1446
=CFI  0\$aCurrent copyright fee: GBP29.95$c22\1$e01-jan-2023$fGBP29.95$g0$hP$5Uk
=CFI  2\$aPrevious copyright fee: GBP34.00$c22\1$e01-jul-2018$fGBP34.00$g0$hP$5Uk
=EST  \\$a1
=FFP  \\$aY$bBLDSS-3PM
=FIN  \\$aY$d20140930
=LET  \0$aTissue engineering and regenerative medicine (Electronic)
=LKR  \\$aPAR$b015268067$lBLL01$nJojig gonghag gwa jaesaeng uihag (Print)$mTissue engineering and regenerative medicine (Online)$r776
=MNI  \\$a1738-2696
=TOC  \\$aETOC
=UNO  \\$aY
=ACF  \\$aPrevious copyright fee: GBP24.97$c22\1$e07-feb-2014$fGBP24.97$g0$hP$5Uk
=ACF  \\$aPrevious copyright fee: GBP24.21$c22\1$e01-jul-2014$fGBP24.21$g0$hP$5Uk
=ACF  \\$aPrevious copyright fee: GBP25.77$c22\1$e01-apr-2015$fGBP25.77$g0$hP$5Uk
=ACF  \\$aPrevious copyright fee: GBP26.63$c22\1$e01-jul-2015$fGBP26.63$g0$hP$5Uk
=ACF  \\$aPrevious copyright fee: GBP25.77$c22\1$e01-oct-2015$fGBP25.77$g0$hP$5Uk
=ACF  \\$aPrevious copyright fee: GBP27.55$c22\1$e01-apr-2016$fGBP27.55$g0$hP$5Uk
=ACF  \\$aPrevious copyright fee: GBP29.59$c22\1$e01-oct-2016$fGBP29.59$g0$hP$5Uk
=ACF  \\$aPrevious copyright fee: GBP31.96$c22\1$e01-apr-2017$fGBP31.96$g0$hP$5Uk
=ACF  \\$aPrevious copyright fee: GBP30.73$c22\1$e01-oct-2017$fGBP30.73$g0$hP$5Uk
=ACF  \\$aPrevious copyright fee: GBP28.54$c22\1$e01-apr-2018$fGBP28.54$g0$hP$5Uk
=LAS  \\$a5410$b40$c20230505$lBLL01$h1446

