=LDR  04552cas a2201057 i 4500
=001  016627515
=003  Uk
=005  20230412144610.0
=006  m\\\\\\\\d\\\\\\\\
=007  cr\|||||||||||
=008  140211c20149999enkfr\p\o\\\\\0\\\a0eng\\
=FMT  \\$a  SE
=022  0\$a2197-4306$202
=037  \\$aISSN_21974292_57$bPortico$nEquinox Publishing
=040  \\$aUk$beng$cUk$erda
=042  \\$aukblsr$aissnuk
=082  04$a413.028095$223
=222  \0$aLexicography$b(Berlin. Internet)
=245  00$aLexicography :$bjournal of ASIALEX.
=264  \1$aBerlin :$bSpringer,$c2014-
=264  31$aSheffield :$bEquinox Publishing Ltd
=310  \\$aTwo issues yearly
=336  \\$atext$2rdacontent
=337  \\$acomputer$2rdamedia
=338  \\$aonline resource$2rdacarrier
=362  0\$aVolume 1, issue 1 (July 2014)-
=500  \\$aTitle from thumbnail of cover (SpringerLink, viewed September 26, 2014).
=588  \\$aLatest issue consulted: volume 7, number 1/2 (2020) (viewed April 8, 2021).
=540  \\$aCurrent copyright fee: GBP29.95$c22\1$5Uk
=650  \0$aOriental languages$xLexicography$vPeriodicals.
=650  \0$aLexicography$vPeriodicals.
=651  \0$aAsia$xLanguages$xLexicography$vPeriodicals.
=710  2\$aYazhou ci shu xue hui,$eissuing body.
=776  08$iPrint version, -2020:$tLexicography (Berlin. Print)$x2197-4292
=856  \\$31850-9999$uhttp://www.springer.com/gb/$xBLDSS
=856  40$uhttp://link.springer.com/journal/40607
=856  40$uhttps://journal.equinoxpub.com/lexi/index
=859  \\$aXLD$bejournal
=859  \\$aELD$bejournal
=852  41$aBritish Library$bDSC$j5185.714200$3Volume 1:Issue 1(2014)-Volume 3:Issue 1(2016)***See ESTAR for full holdings.
=852  41$aBritish Library$bHMNTS$jELD Digital store
=945  \\$aLexicography.
=959  \\$fHeld but not currently received
=979  \\$aBritish Library$bDSC$j5185.714200
=985  \\$aISSN responsibility transferred from Germany to UK (Richard, 08/04/21)
=CAT  \\$a12654$b40$c20140211$lBLL01$h1140
=CAT  \\$a11316$b40$c20160314$lBLL01$h1141
=CAT  \\$aIPL-CLA$c20160331$lBLL01$h1814
=CAT  \\$aBATCH-UPD$b00$c20160523$lBLL01$h1030
=CAT  \\$aBATCH-UPD$b00$c20160524$lBLL01$h2215
=CAT  \\$aBATCH-UPD$b00$c20160824$lBLL01$h1750
=CAT  \\$aIPL-CLA$c20160930$lBLL01$h1641
=CAT  \\$aBATCH-UPD$b00$c20170216$lBLL01$h1837
=CAT  \\$aIPL-CLA$c20170331$lBLL01$h1919
=CAT  \\$aBATCH-UPD$b00$c20170904$lBLL01$h1845
=CAT  \\$aIPL-CLA$c20170929$lBLL01$h1804
=CAT  \\$aBATCH-UPD$b00$c20180223$lBLL01$h1706
=CAT  \\$aIPL-CLA$c20180331$lBLL01$h1708
=CAT  \\$aW1805-0475$c20180520$lBLL01$h1632
=CAT  \\$aBATCH-UPD$b00$c20180524$lBLL01$h1709
=CAT  \\$aIPL-CLA$c20180630$lBLL01$h1939
=CAT  \\$aW1908-0780$b00$c20200730$lBLL01$h1333
=CAT  \\$a10806$b40$c20210408$lBLL01$h1243
=CAT  \\$a10806$b40$c20210408$lBLL01$h1245
=CAT  \\$a14412$b40$c20210520$lBLL01$h1121
=CAT  \\$a10806$b40$c20211014$lBLL01$h1053
=CAT  \\$aCDS21$c20220118$lBLL01$h1105
=CAT  \\$aBATCH-UPD$b00$c20221121$lBLL01$h1406
=CAT  \\$aIPL-CLA$c20221231$lBLL01$h1452
=CAT  \\$a14586$b40$c20230125$lBLL01$h1643
=CAT  \\$a5410$b40$c20230412$lBLL01$h1446
=CFI  0\$aCurrent copyright fee: GBP29.95$c22\1$e01-jan-2023$fGBP29.95$g0$hP$5Uk
=CFI  2\$aPrevious copyright fee: GBP34.00$c22\1$e01-jul-2018$fGBP34.00$g0$hP$5Uk
=EST  \\$a1
=FFP  \\$aY$bBLDSS-3PM
=FIN  \\$aY$d20140926
=LET  \0$aLexicography (Electronic)
=MNI  \\$a2197-4292
=TOC  \\$aETOC
=UNO  \\$aY
=ACF  \\$aPrevious copyright fee: GBP24.97$c22\1$e11-feb-2014$fGBP24.97$g0$hP$5Uk
=ACF  \\$aPrevious copyright fee: GBP24.21$c22\1$e01-jul-2014$fGBP24.21$g0$hP$5Uk
=ACF  \\$aPrevious copyright fee: GBP25.77$c22\1$e01-apr-2015$fGBP25.77$g0$hP$5Uk
=ACF  \\$aPrevious copyright fee: GBP26.63$c22\1$e01-jul-2015$fGBP26.63$g0$hP$5Uk
=ACF  \\$aPrevious copyright fee: GBP25.77$c22\1$e01-oct-2015$fGBP25.77$g0$hP$5Uk
=ACF  \\$aPrevious copyright fee: GBP27.55$c22\1$e01-apr-2016$fGBP27.55$g0$hP$5Uk
=ACF  \\$aPrevious copyright fee: GBP29.59$c22\1$e01-oct-2016$fGBP29.59$g0$hP$5Uk
=ACF  \\$aPrevious copyright fee: GBP31.96$c22\1$e01-apr-2017$fGBP31.96$g0$hP$5Uk
=ACF  \\$aPrevious copyright fee: GBP30.73$c22\1$e01-oct-2017$fGBP30.73$g0$hP$5Uk
=ACF  \\$aPrevious copyright fee: GBP28.54$c22\1$e01-apr-2018$fGBP28.54$g0$hP$5Uk
=LAS  \\$a5410$b40$c20230412$lBLL01$h1446

