=LDR  05620cas a2201225 a 4500
=001  013610570
=003  Uk
=005  20230310174533.0
=006  m\\\\\o\\d\\\\\\\\
=007  cr\cnu||||||||
=008  070502c20079999gw\\x\pso\\\\\0\\\a0eng\c
=FMT  \\$a  SE
=010  \\$a2007233473
=022  \\$a1863-2661$l1863-2653$y1863-2653
=035  \\$a(OCoLC)123915506
=037  \\$a???$bSpringer
=040  \\$aIPL$beng$cIPL$dIPL$dOCL$dGUA$dOCLCQ$dOCLCO$dOCLCQ$dUk
=042  \\$aukblsr
=050  14$aQP376
=082  04$a612.82$223
=130  0\$aBrain structure and function (Online)
=222  \0$aBrain structure & function$b(Internet)
=245  10$aBrain structure and function$h[electronic resource].
=260  \\$aBerlin ;$aNew York :$bSpringer-Verlag
=310  \\$aIrregular
=336  \\$atext$2rdacontent
=337  \\$acomputer$2rdamedia
=338  \\$aonline resource$2rdacarrier
=362  1\$aBegan with v. 212, no. 1 (July 2007).
=538  \\$aMode of access: World Wide Web.
=580  \\$aIncludes issues of earlier title: Anatomy and embryology.
=588  \\$aDescription based on first issue; title from contents screen (SpringerLink, viewed Oct. 4, 2007).
=588  \\$aLatest issue consulted: Vol. 218, issue 5 (September 2013), viewed Aug. 28, 2013.
=540  \\$aCurrent copyright fee: GBP34.95$c22\1$5Uk
=650  \0$aAnatomy$vPeriodicals.
=650  \0$aEmbryology$vPeriodicals.
=780  00$tAnatomy and embryology$x0340-2061
=776  08$iPrint version:$tBrain structure and function
=780  00$tAnatomy and embryology$x1432-0568
=859  \\$aELD$bejournal
=856  \\$31850-9999$uhttp://www.springer.com/gb/$xBLDSS
=856  40$uhttp://www.springerlink.com/content/120431/
=859  \\$aXLD$bejournal
=852  41$aBritish Library$bDSC$j2268.220100$3Volume 212:Issue 1(2007)-Volume 223:Issue 2(2018)***See ESTAR for full holdings.
=852  41$aBritish Library$bHMNTS$jELD Digital store$3Volume 223:Issue 3(2018)-
=945  \\$aBrain structure and function
=959  \\$fHeld but not currently received
=979  \\$aBritish Library$bDSC$j2268.220100
=CAT  \\$a7174$b40$c20061124$lBLL01$h1040
=CAT  \\$aBATCH-UPD$b00$c20150820$lBLL01$h1838
=CAT  \\$aIPL-CLA$c20150930$lBLL01$h1815
=CAT  \\$aBATCH-UPD$b00$c20160217$lBLL01$h1728
=CAT  \\$aIPL-CLA$c20160331$lBLL01$h1737
=CAT  \\$aBATCH-UPD$b00$c20160524$lBLL01$h2211
=CAT  \\$aBATCH-UPD$b00$c20160525$lBLL01$h0025
=CAT  \\$aBATCH-UPD$b00$c20160824$lBLL01$h1755
=CAT  \\$aIPL-CLA$c20160930$lBLL01$h1610
=CAT  \\$aBATCH-UPD$b00$c20170216$lBLL01$h1843
=CAT  \\$aIPL-CLA$c20170331$lBLL01$h1850
=CAT  \\$aBATCH-UPD$b00$c20170904$lBLL01$h1852
=CAT  \\$aIPL-CLA$c20170929$lBLL01$h1735
=CAT  \\$aBATCH-UPD$b00$c20180223$lBLL01$h1722
=CAT  \\$aIPL-CLA$c20180331$lBLL01$h1627
=CAT  \\$aW1805-0475$c20180520$lBLL01$h1632
=CAT  \\$aBATCH-UPD$b00$c20180524$lBLL01$h1714
=CAT  \\$aIPL-CLA$c20180630$lBLL01$h1920
=CAT  \\$aW1908-0780$b00$c20200730$lBLL01$h1330
=CAT  \\$a15190$b40$c20201009$lBLL01$h1424
=CAT  \\$a5552$b40$c20210810$lBLL01$h1146
=CAT  \\$aIPL-CLA$c20210930$lBLL01$h1528
=CAT  \\$aCDS21$c20220118$lBLL01$h1105
=CAT  \\$aBATCH-UPD$b00$c20221121$lBLL01$h1411
=CAT  \\$aIPL-CLA$c20221231$lBLL01$h1448
=CAT  \\$a5410$b40$c20230310$lBLL01$h1745
=CFI  0\$aCurrent copyright fee: GBP34.95$c22\1$e01-jan-2023$fGBP34.95$g0$hP$5Uk
=CFI  2\$aPrevious copyright fee: GBP43.00$c22\1$e01-oct-2021$fGBP43.00$g0$hP$5Uk
=EST  \\$a1
=FFP  \\$aY$bBLDSS-3PM
=FIN  \\$aY$d20130828
=LKR  \\$aPAR$b013089330$lBLL01$r780$mBrain structure and function$nAnatomy and embryology
=LKR  \\$aPAR$b013610862$lBLL01$r776$mBrain structure and function (Online)$nBrain structure & function (Print).
=MNI  \\$a1863-2653
=SID  \\$aZ39$bOCLC
=TCO  \\$aDEU$bVG WORT$c008
=TOC  \\$aETOC
=UNO  \\$aY
=ACF  \\$aPrevious copyright fee: GBP21.25$c22\3$e01-jan-2009$fGBP21.25$g0$hP$5Uk
=ACF  \\$aPrevious Copyright Fee: GBP16.75$c22\3$e01-jan-2007$fGBP16.75$g0$hP$5Uk
=ACF  \\$aPrevious Copyright Fee: GBP16.22$c22\3$e24-nov-2006$fGBP16.22$g0$hP$5Uk
=ACF  \\$aPrevious copyright fee: GBP22.00$c22\3$e01-apr-2009$fGBP22.00$g0$hP$5Uk
=ACF  \\$aPrevious copyright fee: GBP22.00$c22\3$e12-aug-2012$fGBP22.00$g0$hP$5Uk
=ACF  \\$aPrevious copyright fee: GBP25.00$c22\3$e01-jan-2013$fGBP25.00$g0$hP$5Uk
=ACF  \\$aPrevious copyright fee: GBP25.77$c22\3$e01-jul-2013$fGBP25.77$g0$hP$5Uk
=ACF  \\$aPrevious copyright fee: GBP24.97$c22\3$e01-jan-2014$fGBP24.97$g0$hP$5Uk
=ACF  \\$aPrevious copyright fee: GBP24.21$c22\3$e01-jul-2014$fGBP24.21$g0$hP$5Uk
=ACF  \\$aPrevious copyright fee: GBP25.77$c22\3$e01-apr-2015$fGBP25.77$g0$hP$5Uk
=ACF  \\$aPrevious copyright fee: GBP26.63$c22\3$e01-jul-2015$fGBP26.63$g0$hP$5Uk
=ACF  \\$aPrevious copyright fee: GBP25.77$c22\3$e01-oct-2015$fGBP25.77$g0$hP$5Uk
=ACF  \\$aPrevious copyright fee: GBP27.55$c22\3$e01-apr-2016$fGBP27.55$g0$hP$5Uk
=ACF  \\$aPrevious copyright fee: GBP29.59$c22\3$e01-oct-2016$fGBP29.59$g0$hP$5Uk
=ACF  \\$aPrevious copyright fee: GBP31.96$c22\3$e01-apr-2017$fGBP31.96$g0$hP$5Uk
=ACF  \\$aPrevious copyright fee: GBP30.73$c22\3$e01-oct-2017$fGBP30.73$g0$hP$5Uk
=ACF  \\$aPrevious copyright fee: GBP28.54$c22\3$e01-apr-2018$fGBP28.54$g0$hP$5Uk
=ACF  \\$aPrevious copyright fee: GBP34.00$c22\1$e01-jul-2018$fGBP34.00$g0$hP$5Uk
=LAS  \\$a5410$b40$c20230310$lBLL01$h1745

