=LDR  04248cas a2201021 a 4500
=001  013670237
=003  Uk
=005  20221231144810.0
=006  m\\\\\\\\d\\\\\\\\
=007  cr\|||||||||||
=008  991004c19909999enkqr\p\s\\\\\0\\\a0eng\\
=FMT  \\$a  SE
=015  \\$aGBA876907$2bnb
=022  0\$a1468-0440$y1018-5895$202
=037  \\$a???$bSpringer
=040  \\$aUk$beng$cUk$dUk
=042  \\$aissnuk$aukblsr
=082  04$a368.005$222
=130  0\$aGeneva papers on risk and insurance (Online)
=210  0\$aGeneva pap. risk insur.$b(Online)
=222  \0$aGeneva papers on risk and insurance$b(Online)
=245  14$aThe Geneva papers on risk and insurance.$pIssues and practice$h[electronic resource].
=246  13$aGeneva papers
=260  \\$a[Oxford] :$bBlackwell
=260  3\$32005-$aBasingstoke :$bPalgrave Macmillan
=310  \\$aQuarterly
=336  \\$atext$2rdacontent
=337  \\$acomputer$2rdamedia
=338  \\$aonline resource$2rdacarrier
=362  1\$aPrint began in 1990.
=538  \\$aMode of access: World Wide Web.
=540  \\$aCurrent copyright fee: GBP29.95$c22\1$5Uk
=650  \0$aRisk (Insurance)$vPeriodicals.
=650  \0$aInsurance$vPeriodicals.
=690  7\$aManagement and Business Studies$2blcoll
=776  0\$tGeneva papers on risk and insurance. Issues and practice$x1018-5895
=710  2\$aInternational Association for the Study of Insurance Economics.
=856  \\$31850-9999$uhttp://www.palgrave.com/home/index.asp$xBLDSS
=856  40$uhttp://www.palgrave-journals.com/gpp/index.html
=859  \\$aELD$bejournal
=859  \\$aXLD$bejournal
=852  41$aBritish Library$bHMNTS$jELD Digital store$3Volume 39:Issue 4(2014:Oct.)-
=852  41$aBritish Library$bDSC$j4115.561500$3Volume 28:Issue 1(2003)-Volume 36:Issue 4(2011)***See ESTAR for full holdings.
=945  \\$aGeneva papers on risk and insurance issues and practice
=959  \\$fHeld but not currently received
=CAT  \\$a7174$b40$c20070213$lBLL01$h1206
=CAT  \\$a8464$b40$c20080728$lBLL01$h0959
=CAT  \\$aBATCH$b00$c20090624$lBLL01$h1723
=CAT  \\$aCDS08-UPD$b40$c20091004$lBLL01$h1546
=CAT  \\$aBATCH-UPD$b40$c20100818$lBLL01$h1552
=CAT  \\$aIPL-CLA$c20100930$lBLL01$h1529
=CAT  \\$aBATCH-UPD$b00$c20101221$lBLL01$h0849
=CAT  \\$aCDS12-UPD$b40$c20111212$lBLL01$h1842
=CAT  \\$aWR12_168$c20121206$lBLL01$h1817
=CAT  \\$aBATCH-CLA$b00$c20140125$lBLL01$h1258
=CAT  \\$aBATCH-CLA$c20140225$lBLL01$h2329
=CAT  \\$aWR14_140$c20140905$lBLL01$h1814
=CAT  \\$aBLDSS-3PM$b00$c20160620$lBLL01$h1456
=CAT  \\$aBATCH-UPD$b00$c20160620$lBLL01$h1458
=CAT  \\$aBATCH-UPD$b00$c20171121$lBLL01$h1713
=CAT  \\$aIPL-CLA$c20171231$lBLL01$h1703
=CAT  \\$a6790$b40$c20180111$lBLL01$h1421
=CAT  \\$aBATCH-UPD$b40$c20180223$lBLL01$h1820
=CAT  \\$aIPL-CLA$c20180331$lBLL01$h1627
=CAT  \\$aBATCH-UPD$b00$c20180524$lBLL01$h1739
=CAT  \\$aIPL-CLA$c20180630$lBLL01$h1921
=CAT  \\$aBATCH-UPD$b00$c20180704$lBLL01$h0023
=CAT  \\$aW1908-0780$b00$c20200730$lBLL01$h1330
=CAT  \\$aCDS21$c20220118$lBLL01$h1105
=CAT  \\$aBATCH-UPD$b00$c20221121$lBLL01$h1401
=CAT  \\$aIPL-CLA$c20221231$lBLL01$h1448
=CFI  0\$aCurrent copyright fee: GBP29.95$c22\1$e01-jan-2023$fGBP29.95$g0$hP$5Uk
=CFI  2\$aPrevious copyright fee: GBP34.00$c22\1$e01-jul-2018$fGBP34.00$g0$hP$5Uk
=EST  \\$a1
=FFP  \\$aY$bBLDSS-3PM
=FIN  \\$aY$d20080612
=LEO  \\$aMP22.0000062274
=LKR  \\$aPAR$b008541113$lBLL01$r776$mGeneva papers on risk and insurance. Issues and practice (Online)$nGeneva papers on risk and insurance. Issues and practice (Print)
=MNI  \\$a1018-5895
=SRC  \\$aISN01$bbibmp22.200404.2.aa
=TCO  \\$aCLA$bCLA$c008
=TOC  \\$aETOC
=UNO  \\$aY
=ACF  \\$aPrevious Copyright Fee: GBP17.50$c39\0$e28-jul-2008$fGBP17.50$g0$hP$5Uk
=ACF  \\$aPrevious copyright fee: GBP22.00$c39\0$e01-oct-2010$fGBP22.00$g0$hP$5Uk
=ACF  \\$aPrevious copyright fee: GBP30.74$c39\0$e01-jan-2018$fGBP30.74$g0$hP$5Uk
=ACF  \\$aPrevious copyright fee: GBP28.54$c39\0$e01-apr-2018$fGBP28.54$g0$hP$5Uk
=LAS  \\$aIPL-CLA$b00$c20221231$lBLL01$h1448

