=LDR  06431cas a2201393 a 4500
=001  013695491
=003  Uk
=005  20230511162924.0
=006  m\\\\\\\\d\\\\\\\\
=007  cr\cnu||||||||
=008  070411c20079999sz\br\pso\\\\\0\\\a0eng\c
=FMT  \\$a  SE
=010  \\$a2008233299
=016  \\$a013750155
=022  \\$a1661-8564$l1661-8556$y1661-8556
=035  \\$a(OCoLC)122938260
=037  \\$a???$bSpringer
=040  \\$aTWT$cTWT$dGUA$dNLM$dMUQ$dVRC$dOCLCQ$dUKMGB$dUk
=041  0\$aeng$afre$ager
=042  \\$aukblsr
=050  14$aRA421
=060  00$aW1$bSO999B
=130  0\$aInternational journal of public health (Online)
=222  \0$aInternational journal of public health$b(Online)
=245  10$aInternational journal of public health$h[electronic resource].
=260  \\$aBasel, Switzerland :$bBirkhäuser
=260  2\$a[Berlin?]:$bSpringer Science + Media$c2007-
=264  31$32021-$a[Lausanne] :$bFrontiers
=310  \\$aBimonthly
=336  \\$atext$2rdacontent
=337  \\$acomputer$2rdamedia
=338  \\$aonline resource$2rdacarrier
=362  0\$aVol. 52, no. 1 (Feb. 2007)-
=588  \\$aTitle from contents screen (SpringerLink, viewed Feb. 5, 2008).
=588  \\$aLatest issue consulted: Vol. 57, no. 2 (Apr. 2012), viewed Mar. 27, 2012.
=530  \\$aAlso issued in print.
=546  \\$aEnglish, French, and German.
=540  \\$aCurrent copyright fee: GBP29.95$c0$5Uk
=588  \\$aLatest issue consulted: volume 66, article 1604036 (October 2021) (viewed October 14, 2021).
=650  \0$aPublic health$vPeriodicals.
=650  \0$aMedicine, Preventive$vPeriodicals.
=650  \0$aSocial medicine$vPeriodicals.
=650  12$aPublic Health$vPeriodicals.
=650  12$aPreventive Medicine$vPeriodicals.
=650  12$aSocial Medicine$vPeriodicals.
=650  \6$aSanté publique$vPériodiques.
=650  \6$aMédecine préventive$vPériodiques.
=650  \6$aMédecine sociale$vPériodiques.
=710  2\$aSwiss School of Public Health (Switzerland)
=780  00$tSozial und präventivmedizin (Online)$x1420-911X
=776  1\$aInternational journal of public health$x1661-8556
=859  \\$aELD$bejournal
=859  \\$aXLD$bejournal
=856  \\$31850-9999$uhttp://link.springer.com/$xBLDSS
=856  40$uhttps://www.springer.com/journal/38
=856  40$uhttps://www.ssph-journal.org/journals/international-journal-of-public-health
=852  41$aBritish Library$bDSC$j4542.509010$3Volume 52:Issue 1(2007)-Volume 63:Issue 2(2018)***See ESTAR for full holdings.
=852  41$aBritish Library$bHMNTS$jELD Digital store$3Volume 63:Issue 1(2018)-Volume 63:Issue 4(2018)
=945  \\$aInternational journal of public health -Springer-
=959  \\$fHeld but not currently received
=979  \\$aBritish Library$bDSC$j4542.509010
=CAT  \\$a7174$b40$c20070314$lBLL01$h1141
=CAT  \\$aIPL-CLA$c20170929$lBLL01$h1736
=CAT  \\$aBATCH-UPD$b00$c20180223$lBLL01$h1704
=CAT  \\$aIPL-CLA$c20180331$lBLL01$h1628
=CAT  \\$aW1805-0475$c20180520$lBLL01$h1632
=CAT  \\$aBATCH-UPD$b00$c20180524$lBLL01$h1708
=CAT  \\$aIPL-CLA$c20180630$lBLL01$h1921
=CAT  \\$aW1908-0780$b00$c20200730$lBLL01$h1330
=CAT  \\$a15190$b40$c20201210$lBLL01$h1212
=CAT  \\$a12654$b40$c20210623$lBLL01$h1346
=CAT  \\$aDEL-3PM$c20210628$lBLL01$h1412
=CAT  \\$a10806$b40$c20211014$lBLL01$h0838
=CAT  \\$a10806$b40$c20211014$lBLL01$h0841
=CAT  \\$a10806$b40$c20211014$lBLL01$h0844
=CAT  \\$aCDS21$c20220118$lBLL01$h1105
=CAT  \\$a12654$b40$c20221221$lBLL01$h0819
=CAT  \\$aBATCH-CLA$b00$c20221221$lBLL01$h1851
=CAT  \\$a12654$b40$c20221222$lBLL01$h1107
=CAT  \\$a8055$b40$c20221228$lBLL01$h1240
=CAT  \\$a10983$b40$c20230103$lBLL01$h0911
=CAT  \\$a8055$b40$c20230103$lBLL01$h1215
=CAT  \\$a8055$b40$c20230103$lBLL01$h1227
=CAT  \\$aBLDSS-3PM$b00$c20230109$lBLL01$h1406
=CAT  \\$aBATCH-UPD$b00$c20230109$lBLL01$h1406
=CAT  \\$a12654$b40$c20230209$lBLL01$h0953
=CAT  \\$a5410$b40$c20230429$lBLL01$h1239
=CAT  \\$aBATCH-FIX$c20230511$lBLL01$h1629
=CFI  0\$aCurrent copyright fee: GBP34.00$c22\1$e03-jan-2023$fGBP34.00$g0$hP$5Uk
=CFI  2\$aPrevious Copyright Fee: GBP29.95$c0$e28-dec-2022$fGBP29.95$g0$hC$5Uk
=EST  \\$a1
=FFP  \\$aY$bBLDSS-3PM
=FIN  \\$aY$d20120327
=LKR  \\$aPAR$b013750155$lBLL01$r776$mInternational journal of public health (Online)$nInternational journal of public health (Print)
=LKR  \\$aPAR$b013100958$lBLL01$r78000$mInternational journal of public health (Online)$nSozial- und präventivmedizin (Online)
=MNI  \\$a1661-8556
=SID  \\$aZ39$bOCLC
=TCO  \\$aCHE$bPRO LITTERIS$c008
=TOC  \\$aETOC
=UNO  \\$aY
=ACF  \\$aPrevious copyright fee: GBP22.50$c0$e23-jun-2021$fGBP22.50$g0$hA$5Uk
=ACF  \\$aPrevious copyright fee: GBP34.00$c22\1$e01-jul-2018$fGBP34.00$g0$hP$5Uk
=ACF  \\$aPrevious copyright fee: GBP28.54$c22\1$e01-apr-2018$fGBP28.54$g0$hP$5Uk
=ACF  \\$aPrevious copyright fee: GBP21.25$c22\1$e01-jan-2009$fGBP21.25$g0$hP$5Uk
=ACF  \\$aPrevious Copyright Fee: GBP16.75$c22\1$e14-mar-2007$fGBP16.75$g0$hP$5Uk
=ACF  \\$aPrevious copyright fee: GBP22.00$c22\1$e01-apr-2009$fGBP22.00$g0$hP$5Uk
=ACF  \\$aPrevious copyright fee: GBP22.00$c22\1$e12-aug-2012$fGBP22.00$g0$hP$5Uk
=ACF  \\$aPrevious copyright fee: GBP25.00$c22\1$e01-jan-2013$fGBP25.00$g0$hP$5Uk
=ACF  \\$aPrevious copyright fee: GBP25.77$c22\1$e01-jul-2013$fGBP25.77$g0$hP$5Uk
=ACF  \\$aPrevious copyright fee: GBP24.97$c22\1$e01-jan-2014$fGBP24.97$g0$hP$5Uk
=ACF  \\$aPrevious copyright fee: GBP24.21$c22\1$e01-jul-2014$fGBP24.21$g0$hP$5Uk
=ACF  \\$aPrevious copyright fee: GBP25.77$c22\1$e01-apr-2015$fGBP25.77$g0$hP$5Uk
=ACF  \\$aPrevious copyright fee: GBP26.63$c22\1$e01-jul-2015$fGBP26.63$g0$hP$5Uk
=ACF  \\$aPrevious copyright fee: GBP25.77$c22\1$e01-oct-2015$fGBP25.77$g0$hP$5Uk
=ACF  \\$aPrevious copyright fee: GBP27.55$c22\1$e01-apr-2016$fGBP27.55$g0$hP$5Uk
=ACF  \\$aPrevious copyright fee: GBP29.59$c22\1$e01-oct-2016$fGBP29.59$g0$hP$5Uk
=ACF  \\$aPrevious copyright fee: GBP31.96$c22\1$e01-apr-2017$fGBP31.96$g0$hP$5Uk
=ACF  \\$aPrevious copyright fee: GBP30.73$c22\1$e01-oct-2017$fGBP30.73$g0$hP$5Uk
=LAS  \\$aBATCH-FIX$b00$c20230511$lBLL01$h1629

