=LDR  06124cas a2201273 a 4500
=001  013697845
=003  Uk
=005  20230501153021.0
=006  m\\\\\\\\d\\\\\\\\
=007  cr\cnu||||||||
=008  070403c20079999gw\br\pso\\\\\0\\\a0eng\c
=FMT  \\$a  SE
=010  \\$a2009247770
=022  0\$a1863-9941$l1863-9933$y1863-9933
=035  \\$a(OCoLC)122259285
=037  \\$a???$bSpringer
=040  \\$aHNK$cHNK$dHNK$dPFM$dDLC$dOCLCQ$dUk
=042  \\$apcc
=050  \4$aRD92$b.E97
=082  04$a617.1$223
=130  0\$aEuropean journal of trauma and emergency surgery (Online)
=222  \0$aEuropean journal of trauma and emergency surgery$b(Internet)
=245  10$aEuropean journal of trauma and emergency surgery$h[electronic resource].
=260  \\$a[Munich] :$bUrban und Vogel,$c2007-
=260  3\$32007-$bSpringer Science + Media,$c2007-
=336  \\$atext$2rdacontent
=337  \\$acomputer$2rdamedia
=338  \\$aonline resource$2rdacarrier
=362  0\$aVol. 33, no. 1 (Feb. 2007)-
=500  \\$aOfficial publication of the European Trauma Society.
=525  \\$aSupplements accompanying some issues.
=588  \\$aDescription based on: vol. 33, no. 1 (Feb. 2007); title from journal home page (SpringerLink, viewed Apr. 3, 2007).
=588  \\$aLatest issue consulted: v. 37, no. 3 (June 2011) (viewed June 21, 2011).
=530  \\$aOnline version of the print publication.
=538  \\$aMode of access: World Wide Web.
=540  \\$aCurrent copyright fee: GBP34.95$c22\1$5Uk
=650  \0$aTraumatology$vPeriodicals.
=650  \0$aSurgical emergencies$vPeriodicals.
=780  00$tEuropean journal of trauma (Online)
=710  2\$aEuropean Trauma Society.
=776  1\$tEuropean journal of trauma and emergency surgery$x1863-9933
=780  05$tInternational journal of disaster medicine (Online)$x1755-4713
=859  \\$aELD$bejournal
=856  \\$31850-9999$uhttp://www.springer.com/gb/$xBLDSS
=856  40$uhttp://www.springerlink.com/content/1863-9941/
=859  \\$aXLD$bejournal
=852  41$aBritish Library$bDSC$j3829.747140$3Volume 25:Issue 6(1999)-Volume 44:Issue 1(2018)***See ESTAR for full holdings.
=852  41$aBritish Library$bHMNTS$jELD Digital store$3Volume 43:Number 6(2017)-
=945  \\$aEuropean journal of trauma and emergency surgery
=959  \\$fHeld but not currently received
=979  \\$aBritish Library$bDSC$j3829.747140
=985  \\$aCONFERENCE ANALYTIC RECORDS EXIST
=CAT  \\$a7174$b40$c20070319$lBLL01$h1207
=CAT  \\$aBATCH-UPD$b00$c20150820$lBLL01$h1856
=CAT  \\$aIPL-CLA$c20150930$lBLL01$h1816
=CAT  \\$aBATCH-UPD$b00$c20160217$lBLL01$h1749
=CAT  \\$aIPL-CLA$c20160331$lBLL01$h1739
=CAT  \\$aBATCH-UPD$b00$c20160524$lBLL01$h2211
=CAT  \\$aBATCH-UPD$b00$c20160525$lBLL01$h0026
=CAT  \\$aBATCH-UPD$b00$c20160824$lBLL01$h1817
=CAT  \\$aIPL-CLA$c20160930$lBLL01$h1612
=CAT  \\$aBATCH-UPD$b00$c20170216$lBLL01$h1906
=CAT  \\$aIPL-CLA$c20170331$lBLL01$h1851
=CAT  \\$aBATCH-UPD$b00$c20170904$lBLL01$h1917
=CAT  \\$aIPL-CLA$c20170929$lBLL01$h1736
=CAT  \\$aBATCH-UPD$b00$c20180223$lBLL01$h1749
=CAT  \\$aIPL-CLA$c20180331$lBLL01$h1628
=CAT  \\$aW1805-0475$c20180520$lBLL01$h1632
=CAT  \\$aBATCH-UPD$b00$c20180524$lBLL01$h1734
=CAT  \\$aIPL-CLA$c20180630$lBLL01$h1921
=CAT  \\$aW1908-0780$b00$c20200730$lBLL01$h1330
=CAT  \\$a15190$b40$c20201104$lBLL01$h1646
=CAT  \\$a5552$b40$c20210811$lBLL01$h1247
=CAT  \\$aIPL-CLA$c20210930$lBLL01$h1528
=CAT  \\$aCDS21$c20220118$lBLL01$h1105
=CAT  \\$aBATCH-UPD$b00$c20221121$lBLL01$h1411
=CAT  \\$aIPL-CLA$c20221231$lBLL01$h1448
=CAT  \\$a5410$b40$c20230501$lBLL01$h1530
=CFI  0\$aCurrent copyright fee: GBP34.95$c22\1$e01-jan-2023$fGBP34.95$g0$hP$5Uk
=CFI  2\$aPrevious copyright fee: GBP43.00$c22\1$e01-oct-2021$fGBP43.00$g0$hP$5Uk
=EST  \\$a1
=FFP  \\$aY$bBLDSS-3PM
=FIN  \\$aY$d20110621
=LKR  \\$aPAR$b013089516$lBLL01$r780$mEuropean journal of trauma and emergency surgery (Online)$nEuropean journal of trauma (Online)
=LKR  \\$aPAR$b013708306$lBLL01$r776$mEuropean journal of trauma and emergency surgery (Internet)$nEuropean journal of trauma and emergency surgery (Print)
=LKR  \\$aPAR$b013361499$lBLL01$nInternational journal of disaster medicine (Online)$mEuropean journal of trauma and emergency surgery (Online)$r78005
=MNI  \\$a1863-9933
=SID  \\$aZ39$bOCLC
=TCO  \\$aDEU$bVG WORT$c008
=TOC  \\$aETOC
=UNO  \\$aY
=ACF  \\$aPrevious copyright fee: GBP21.25$c23\8$e01-jan-2009$fGBP21.25$g0$hP$5Uk
=ACF  \\$aPrevious Copyright Fee: GBP16.75$c23\8$e19-mar-2007$fGBP16.75$g0$hP$5Uk
=ACF  \\$aPrevious copyright fee: GBP22.00$c23\8$e01-apr-2009$fGBP22.00$g0$hP$5Uk
=ACF  \\$aPrevious copyright fee: GBP22.00$c23\8$e12-aug-2012$fGBP22.00$g0$hP$5Uk
=ACF  \\$aPrevious copyright fee: GBP25.00$c23\8$e01-jan-2013$fGBP25.00$g0$hP$5Uk
=ACF  \\$aPrevious copyright fee: GBP25.77$c23\8$e01-jul-2013$fGBP25.77$g0$hP$5Uk
=ACF  \\$aPrevious copyright fee: GBP24.97$c23\8$e01-jan-2014$fGBP24.97$g0$hP$5Uk
=ACF  \\$aPrevious copyright fee: GBP24.21$c23\8$e01-jul-2014$fGBP24.21$g0$hP$5Uk
=ACF  \\$aPrevious copyright fee: GBP25.77$c23\8$e01-apr-2015$fGBP25.77$g0$hP$5Uk
=ACF  \\$aPrevious copyright fee: GBP26.63$c23\8$e01-jul-2015$fGBP26.63$g0$hP$5Uk
=ACF  \\$aPrevious copyright fee: GBP25.77$c23\8$e01-oct-2015$fGBP25.77$g0$hP$5Uk
=ACF  \\$aPrevious copyright fee: GBP27.55$c23\8$e01-apr-2016$fGBP27.55$g0$hP$5Uk
=ACF  \\$aPrevious copyright fee: GBP29.59$c23\8$e01-oct-2016$fGBP29.59$g0$hP$5Uk
=ACF  \\$aPrevious copyright fee: GBP31.96$c23\8$e01-apr-2017$fGBP31.96$g0$hP$5Uk
=ACF  \\$aPrevious copyright fee: GBP30.73$c23\8$e01-oct-2017$fGBP30.73$g0$hP$5Uk
=ACF  \\$aPrevious copyright fee: GBP28.54$c23\8$e01-apr-2018$fGBP28.54$g0$hP$5Uk
=ACF  \\$aPrevious copyright fee: GBP34.00$c22\1$e01-jul-2018$fGBP34.00$g0$hP$5Uk
=LAS  \\$a5410$b40$c20230501$lBLL01$h1530

