=LDR  06350cas a2201333 a 4500
=001  013705297
=003  Uk
=005  20230501203343.0
=006  m\\\\fo\\d\\\\\\\\
=007  cr\|||||||||||
=008  070223c20079999ja\mr\p\o\\\\\0\\\a0eng\d
=FMT  \\$a  SE
=016  7\$a101303952$2DNLM
=022  0\$a1863-6713$l1863-6705
=035  \\$a(OCoLC)84907769
=037  \\$a???$bSpringer
=040  \\$aFQM$beng$cFQM$dNLM$dKSU$dMDU$dCIT$dVPI$dOCLCQ$dUk
=042  \\$aukblsr
=050  14$aRD536$b.G46
=060  00$aW1$bNI921K
=082  04$a617.54059$223
=130  0\$aGeneral thoracic and cardiovascular surgery (Online)
=210  1\$aGen thorac cardiovasc surg
=222  \0$aGeneral thoracic and cardiovascular surgery$b(Internet)
=245  10$aGeneral thoracic and cardiovascular surgery$h[electronic resource].
=260  \\$aTokyo, Japan :$bSpringer Japan,$c2007-
=310  \\$aMonthly
=336  \\$atext$2rdacontent
=337  \\$acomputer$2rdamedia
=338  \\$aonline resource$2rdacarrier
=362  0\$aVol. 55, no. 1 (Jan. 2007)-
=500  \\$aEditor: Shinichiro Miyoshi.
=500  \\$aTitle from journal information screen (SpringerLINK, viewed Aug. 26, 2009).
=550  \\$aOfficial publication of the Japanese Association for Thoracic Surgery (JATS).
=580  \\$aIncludes issues of earlier title: Japanese journal of thoracic and cardiovascular surgery (Online).
=588  \\$aLatest issue consulted: volume 61, issue 9 (September 2013); (SpringerLink, viewed September 11, 2013).
=540  \\$aCurrent copyright fee: GBP34.95$c22\1$5Uk
=650  \0$aHeart$xSurgery$vPeriodicals.
=650  \0$aChest$xSurgery$vPeriodicals.
=650  \0$aCardiovascular system$xSurgery$vPeriodicals.
=650  12$aThoracic Diseases$xsurgery$vPeriodicals.
=650  22$aCardiovascular Diseases$xsurgery$vPeriodicals.
=650  22$aCardiovascular Surgical Procedures$vPeriodicals.
=650  22$aThoracic Surgical Procedures$vPeriodicals.
=655  \0$aElectronic journals.
=710  2\$aNihon Kyōbu Geka Gakkai.
=776  08$iPrint version:$tGeneral thoracic and cardiovascular surgery$x1863-6705
=780  10$tJapanese journal of thoracic and cardiovascular surgery (Online)$x1863-2092
=859  \\$aELD$bejournal
=856  \\$31850-9999$uhttp://www.springer.com/gb/$xBLDSS
=856  40$uhttp://link.springer.com/journal/11748
=856  40$uhttp://www.springerlink.com/content/120472
=859  \\$aXLD$bejournal
=852  41$aBritish Library$bDSC$j4111.525000$3Volume 54:Issue 4(2006)-Volume 66:Issue 3(2018)***See ESTAR for full holdings.
=852  41$aBritish Library$bHMNTS$jELD Digital store$3Volume 66:Issue 4(2018)-
=945  \\$aGeneral thoracic and cardiovascular surgery
=959  \\$fHeld but not currently received
=979  \\$aBritish Library$bDSC$j4111.525000
=CAT  \\$a7174$b40$c20070327$lBLL01$h1713
=CAT  \\$aBATCH-UPD$b00$c20150820$lBLL01$h1851
=CAT  \\$aIPL-CLA$c20150930$lBLL01$h1816
=CAT  \\$aBATCH-UPD$b00$c20160217$lBLL01$h1743
=CAT  \\$aIPL-CLA$c20160331$lBLL01$h1739
=CAT  \\$aBATCH-UPD$b00$c20160524$lBLL01$h2211
=CAT  \\$aBATCH-UPD$b00$c20160525$lBLL01$h0026
=CAT  \\$aBATCH-UPD$b00$c20160824$lBLL01$h1810
=CAT  \\$aIPL-CLA$c20160930$lBLL01$h1612
=CAT  \\$aBATCH-UPD$b00$c20170216$lBLL01$h1858
=CAT  \\$aIPL-CLA$c20170331$lBLL01$h1851
=CAT  \\$aBATCH-UPD$b00$c20170904$lBLL01$h1909
=CAT  \\$aIPL-CLA$c20170929$lBLL01$h1737
=CAT  \\$aBATCH-UPD$b00$c20180223$lBLL01$h1742
=CAT  \\$aIPL-CLA$c20180331$lBLL01$h1628
=CAT  \\$aW1805-0475$c20180520$lBLL01$h1632
=CAT  \\$aBATCH-UPD$b00$c20180524$lBLL01$h1727
=CAT  \\$aIPL-CLA$c20180630$lBLL01$h1921
=CAT  \\$aW1908-0780$b00$c20200730$lBLL01$h1330
=CAT  \\$a15190$b40$c20201110$lBLL01$h1459
=CAT  \\$a5552$b40$c20210812$lBLL01$h1146
=CAT  \\$aIPL-CLA$c20210930$lBLL01$h1528
=CAT  \\$aCDS21$c20220118$lBLL01$h1105
=CAT  \\$aBATCH-UPD$b00$c20221121$lBLL01$h1411
=CAT  \\$aIPL-CLA$c20221231$lBLL01$h1448
=CAT  \\$a5410$b40$c20230501$lBLL01$h2033
=CFI  0\$aCurrent copyright fee: GBP34.95$c22\1$e01-jan-2023$fGBP34.95$g0$hP$5Uk
=CFI  2\$aPrevious copyright fee: GBP43.00$c22\1$e01-oct-2021$fGBP43.00$g0$hP$5Uk
=EST  \\$a1
=FFP  \\$aY$bBLDSS-3PM
=FIN  \\$aY$d20130911
=LKR  \\$aPAR$b013560513$lBLL01$r78000$mGeneral thoracic and cardiovascular surgery (Online)$nThe Japanese journal of thoracic and cardiovascular surgery (Online)
=LKR  \\$aPAR$b013682877$lBLL01$r776$mGeneral thoracic and cardiovascular surgery (Online)$nGeneral thoracic and cardiovascular surgery (Print).
=MNI  \\$a1863-6705
=SID  \\$aZ39$bOCLC
=TCO  \\$aJPN$bJAACC$c008
=TOC  \\$aETOC
=UNO  \\$aY
=ACF  \\$aPrevious copyright fee: GBP21.25$c23\3$e01-jan-2009$fGBP21.25$g0$hP$5Uk
=ACF  \\$aPrevious Copyright Fee: GBP16.75$c23\3$e27-mar-2007$fGBP16.75$g0$hP$5Uk
=ACF  \\$aPrevious copyright fee: GBP22.00$c23\3$e01-apr-2009$fGBP22.00$g0$hP$5Uk
=ACF  \\$aPrevious copyright fee: GBP22.00$c23\3$e12-aug-2012$fGBP22.00$g0$hP$5Uk
=ACF  \\$aPrevious copyright fee: GBP25.00$c23\3$e01-jan-2013$fGBP25.00$g0$hP$5Uk
=ACF  \\$aPrevious copyright fee: GBP25.77$c23\3$e01-jul-2013$fGBP25.77$g0$hP$5Uk
=ACF  \\$aPrevious copyright fee: GBP24.97$c23\3$e01-jan-2014$fGBP24.97$g0$hP$5Uk
=ACF  \\$aPrevious copyright fee: GBP24.21$c23\3$e01-jul-2014$fGBP24.21$g0$hP$5Uk
=ACF  \\$aPrevious copyright fee: GBP25.77$c23\3$e01-apr-2015$fGBP25.77$g0$hP$5Uk
=ACF  \\$aPrevious copyright fee: GBP26.63$c23\3$e01-jul-2015$fGBP26.63$g0$hP$5Uk
=ACF  \\$aPrevious copyright fee: GBP25.77$c23\3$e01-oct-2015$fGBP25.77$g0$hP$5Uk
=ACF  \\$aPrevious copyright fee: GBP27.55$c23\3$e01-apr-2016$fGBP27.55$g0$hP$5Uk
=ACF  \\$aPrevious copyright fee: GBP29.59$c23\3$e01-oct-2016$fGBP29.59$g0$hP$5Uk
=ACF  \\$aPrevious copyright fee: GBP31.96$c23\3$e01-apr-2017$fGBP31.96$g0$hP$5Uk
=ACF  \\$aPrevious copyright fee: GBP30.73$c23\3$e01-oct-2017$fGBP30.73$g0$hP$5Uk
=ACF  \\$aPrevious copyright fee: GBP28.54$c23\3$e01-apr-2018$fGBP28.54$g0$hP$5Uk
=ACF  \\$aPrevious copyright fee: GBP34.00$c22\1$e01-jul-2018$fGBP34.00$g0$hP$5Uk
=LAS  \\$a5410$b40$c20230501$lBLL01$h2033

