=LDR  05985cas a2201297 a 4500
=001  013706909
=003  Uk
=005  20230307140052.0
=006  m\\\\\\\\d\\\\\\\\
=007  cr\un|||||||||
=008  070808c20059999it\mr\pso\\\\\0\\\a0eng\d
=FMT  \\$a  SE
=022  0\$a1699-3055$l1699-048X
=035  \\$a(OCoLC)163567079
=037  \\$a???$bSpringer
=040  \\$aOCLCS$beng$cOCLCS$dOCLCS$dKSU$dCIT$dOCLCQ$dVRC$dOCLCQ$dUk
=041  0\$aeng$aspa
=042  \\$aukblsr
=050  14$aRC254.A1
=060  \4$aW1$bCL664T
=082  04$a616.994$223
=130  0\$aClinical & translational oncology (Online)
=210  1\$aClin. transl. oncol.$b(Internet)
=222  \0$aClinical & translational oncology$b(Internet)
=245  10$aClinical & translational oncology$h[electronic resource].
=246  3\$aClinical and translational oncology
=260  \\$aBarcelona, Spain :$bDoyma
=260  3\$3<2007>-$aMilan :$bSpringer
=310  \\$aMonthly,$b2006-
=321  \\$aEleven no. a year,$b-2005
=336  \\$atext$2rdacontent
=337  \\$acomputer$2rdamedia
=338  \\$aonline resource$2rdacarrier
=362  1\$aBegan with v. 7, no. 1 (Jan./Feb. 2005).
=546  \\$aText in English or Spanish, with summaries in either or both languages.
=550  \\$a"Official publication of the Federation of Spanish Oncology Societies and of the National Cancer Institute of Mexico."
=588  \\$aDescription based on: V. 7:no. 1 (2005:Jan./Feb.); title from PDF cover (SpringerLink, Jan. 19, 2010).
=588  \\$aLatest issue consulted: volume 15, issue 10 (October 2013); (viewed October 1, 2013).
=540  \\$aCurrent copyright fee: GBP34.95$c22\1$5Uk
=650  \0$aOncology$vPeriodicals.
=650  \0$aOncology, Experimental$vPeriodicals.
=650  12$aNeoplasms$vPeriodicals.
=655  \0$aElectronic journals.
=710  2\$aFederación de Sociedades Españolas de Oncología.
=710  2\$aInstituto Nacional de Cancerología de México.
=776  08$iPrint version:$tClinical & translational oncology$x1699-048X
=780  00$tRevista de oncología (Online)$x1578-195X
=859  \\$aELD$bejournal
=856  \\$31850-9999$uhttp://www.springer.com/gb/$xBLDSS
=856  40$uhttp://link.springer.com/journal/12094
=859  \\$aXLD$bejournal
=852  41$aBritish Library$bDSC$j3286.255000$3Volume 6:Issue 2(2004)-Volume 20:Issue 3(2018)***See ESTAR for full holdings.
=852  41$aBritish Library$bHMNTS$jELD Digital store$3Volume 20:Issue 7(2018)-
=945  \\$aClinical and translational oncology
=959  \\$fHeld but not currently received
=979  \\$aBritish Library$bDSC$j3286.255000
=CAT  \\$a7174$b40$c20070330$lBLL01$h1242
=CAT  \\$aIPL-CLA$c20150930$lBLL01$h1816
=CAT  \\$aBATCH-UPD$b00$c20160217$lBLL01$h1733
=CAT  \\$aIPL-CLA$c20160331$lBLL01$h1739
=CAT  \\$aBATCH-UPD$b00$c20160524$lBLL01$h2211
=CAT  \\$aBATCH-UPD$b00$c20160525$lBLL01$h0026
=CAT  \\$aBATCH-UPD$b00$c20160824$lBLL01$h1800
=CAT  \\$aIPL-CLA$c20160930$lBLL01$h1612
=CAT  \\$aBATCH-UPD$b00$c20170216$lBLL01$h1849
=CAT  \\$aIPL-CLA$c20170331$lBLL01$h1851
=CAT  \\$aBATCH-UPD$b00$c20170904$lBLL01$h1858
=CAT  \\$aIPL-CLA$c20170929$lBLL01$h1737
=CAT  \\$aBATCH-UPD$b00$c20180223$lBLL01$h1731
=CAT  \\$aIPL-CLA$c20180331$lBLL01$h1628
=CAT  \\$aW1805-0475$c20180520$lBLL01$h1632
=CAT  \\$aBATCH-UPD$b00$c20180524$lBLL01$h1718
=CAT  \\$aIPL-CLA$c20180630$lBLL01$h1921
=CAT  \\$aW1908-0780$b00$c20200730$lBLL01$h1330
=CAT  \\$a15190$b40$c20201014$lBLL01$h1522
=CAT  \\$aBATCH-UPD$b40$c20201029$lBLL01$h2031
=CAT  \\$a5552$b40$c20210811$lBLL01$h0656
=CAT  \\$aIPL-CLA$c20210930$lBLL01$h1528
=CAT  \\$aCDS21$c20220118$lBLL01$h1105
=CAT  \\$aBATCH-UPD$b00$c20221121$lBLL01$h1411
=CAT  \\$aIPL-CLA$c20221231$lBLL01$h1448
=CAT  \\$a5410$b40$c20230307$lBLL01$h1400
=CFI  0\$aCurrent copyright fee: GBP34.95$c22\1$e01-jan-2023$fGBP34.95$g0$hP$5Uk
=CFI  2\$aPrevious copyright fee: GBP43.00$c22\1$e01-oct-2021$fGBP43.00$g0$hP$5Uk
=EST  \\$a1
=FFP  \\$aY$bBLDSS-3PM
=FIN  \\$aY$d20131001
=LKR  \\$aPAR$b013217874$lBLL01$r776$mClinical and translational oncology (Online)$nClinical & translational oncology (Print)
=MNI  \\$a1699-048X
=SID  \\$aZ39$bOCLC
=TCO  \\$aITA$bAIDRO / SIAE$c008
=TOC  \\$aETOC
=UNO  \\$aY
=ACF  \\$aPrevious copyright fee: GBP21.25$c22\6$e01-jan-2009$fGBP21.25$g0$hP$5Uk
=ACF  \\$aPrevious Copyright Fee: GBP16.75$c22\6$e30-mar-2007$fGBP16.75$g0$hP$5Uk
=ACF  \\$aPrevious copyright fee: GBP22.00$c22\6$e01-apr-2009$fGBP22.00$g0$hP$5Uk
=ACF  \\$aPrevious copyright fee: GBP22.00$c22\6$e12-aug-2012$fGBP22.00$g0$hP$5Uk
=ACF  \\$aPrevious copyright fee: GBP25.00$c22\6$e01-jan-2013$fGBP25.00$g0$hP$5Uk
=ACF  \\$aPrevious copyright fee: GBP25.77$c22\6$e01-jul-2013$fGBP25.77$g0$hP$5Uk
=ACF  \\$aPrevious copyright fee: GBP24.97$c22\6$e01-jan-2014$fGBP24.97$g0$hP$5Uk
=ACF  \\$aPrevious copyright fee: GBP24.21$c22\6$e01-jul-2014$fGBP24.21$g0$hP$5Uk
=ACF  \\$aPrevious copyright fee: GBP25.77$c22\6$e01-apr-2015$fGBP25.77$g0$hP$5Uk
=ACF  \\$aPrevious copyright fee: GBP26.63$c22\6$e01-jul-2015$fGBP26.63$g0$hP$5Uk
=ACF  \\$aPrevious copyright fee: GBP25.77$c22\6$e01-oct-2015$fGBP25.77$g0$hP$5Uk
=ACF  \\$aPrevious copyright fee: GBP27.55$c22\6$e01-apr-2016$fGBP27.55$g0$hP$5Uk
=ACF  \\$aPrevious copyright fee: GBP29.59$c22\6$e01-oct-2016$fGBP29.59$g0$hP$5Uk
=ACF  \\$aPrevious copyright fee: GBP31.96$c22\6$e01-apr-2017$fGBP31.96$g0$hP$5Uk
=ACF  \\$aPrevious copyright fee: GBP30.73$c22\6$e01-oct-2017$fGBP30.73$g0$hP$5Uk
=ACF  \\$aPrevious copyright fee: GBP28.54$c22\6$e01-apr-2018$fGBP28.54$g0$hP$5Uk
=ACF  \\$aPrevious copyright fee: GBP34.00$c22\1$e01-jul-2018$fGBP34.00$g0$hP$5Uk
=LAS  \\$a5410$b40$c20230307$lBLL01$h1400

