=LDR  06192cas a2201309 a 4500
=001  013713113
=003  Uk
=005  20230313131512.0
=006  m\\\\\o\\d\\\\\\\\
=007  cr\|||||||||||
=008  081218c20079999vb\qr\poo\\\\\0\\\a0eng\d
=FMT  \\$a  SE
=010  \\$a  2009243043
=016  7\$a101468121$2dnlm
=022  \\$a1990-7516$202
=035  \\$a(OCoLC)288913843$z(OCoLC)728270780
=037  \\$a???$bSpringer
=040  \\$aOH1$beng$cOH1$dCIT$dOCLCQ$dDLC$dOCLCQ$dTXA$dAUD$dOCLCF$dOCLCO$dUk
=041  1\$aeng$hrus
=042  \\$aukblsr$aissnuk
=060  00$aW1$bBI5385
=082  04$a572$223
=210  1\$aBiochem. (Mosc.), Suppl., Ser. B Biomed. chem.$b(Online)
=222  \0$aBiochemistry (Moscow). Supplement. Series B, Biomedical chemistry$b(Online)
=245  00$aBiochemistry (Moscow).$pSupplement.$nSeries B,$pBiomedical chemistry$h[electronic resource].
=246  1\$aBiomedical chemistry
=264  \1$aTortola, British Virgin Islands :$bPleiades Publishing
=264  21$3<Jan./Mar. 2011->:$aMoscow :$bPleiades Pub., MAIK "Nauka/Interpreiodica"
=264  31$a[Tortola, British Virgin Islands] :$bPleiades Publishing
=264  32$a[New York] :$bSpringer
=310  \\$aQuarterly
=336  \\$atext$2rdacontent
=337  \\$acomputer$2rdamedia
=338  \\$aonline resource$2rdacarrier
=362  1\$aBegan with: Vol. 1, no. 1 (Mar. 2007).
=580  \\$aTranslation of selected articles from Biomedit͡sinskai͡a khimii͡a.
=588  \\$aDescription based on: Vol. 1, no. 1 (Mar. 2007); title from journal information screen (SpringerLink, viewed Nov. 17, 2009).
=588  \\$aLatest issue consulted: volume 16, issue 3 (September 2022) (SpringerLink, viewed November 4, 2022).
=540  \\$aCurrent copyright fee: GBP29.95$c22\1$5Uk
=650  \0$aBiochemistry$vPeriodicals.
=650  \7$aBiochemistry.$2fast$0(OCoLC)fst00831961
=655  \0$aElectronic journals.
=655  \7$aPeriodicals.$2fast$0(OCoLC)fst01411641
=710  2\$aRossiĭskai︠a︡ akademii︠a︡ nauk.
=772  0\$tBiokhimii︠a︡ (Moscow, Russia). English. Biochemistry$x1608-3040
=776  08$iPrint version:$tBiochemistry (Moscow). Supplement. Series B, Biomedical chemistry$x1990-7508
=787  1\$tBiomedit︠s︡inskai︠a︡ khimii︠a︡$x2310-6905
=859  \\$aELD$bejournal
=856  \\$31850-9999$uhttp://www.springer.com/gb/$xBLDSS
=856  40$uhttps://www.springer.com/journal/11828
=856  42$uhttp://www.maik.ru/cgi-perl/journal.pl?lang=eng&name=biochmsb&page=sub
=859  \\$aXLD$bejournal
=852  41$aBritish Library$bDSC$j0406.000020$3Volume 1:Issue 1(2007)-Volume 12:Issue 1(2018)***See ESTAR for full holdings.
=852  41$aBritish Library$bHMNTS$jELD Digital store$3Volume 11:Issue 4(2017)-
=945  \\$aBiochemistry supplement series B biomedical chemistry c/c of Biomeditsinskaia Khimiia
=959  \\$fHeld but not currently received
=979  \\$aBritish Library$bDSC$j0406.000020
=985  \\$aCorrected by MS generated file for WR# 12.018
=985  \\$aISSN responsibility transferred from ISSN Russia (04/11/22)
=CAT  \\$a7174$b40$c20070413$lBLL01$h1353
=CAT  \\$a11316$b40$c20151026$lBLL01$h1249
=CAT  \\$a11316$b40$c20151026$lBLL01$h1250
=CAT  \\$a11316$b40$c20151026$lBLL01$h1421
=CAT  \\$aBATCH-UPD$b40$c20160217$lBLL01$h1856
=CAT  \\$aIPL-CLA$c20160331$lBLL01$h1739
=CAT  \\$aBATCH-UPD$b00$c20160524$lBLL01$h2157
=CAT  \\$aBATCH-UPD$b00$c20160524$lBLL01$h2252
=CAT  \\$aBATCH-UPD$b00$c20160824$lBLL01$h1914
=CAT  \\$aIPL-CLA$c20160930$lBLL01$h1612
=CAT  \\$aBATCH-UPD$b00$c20170216$lBLL01$h1959
=CAT  \\$aIPL-CLA$c20170331$lBLL01$h1852
=CAT  \\$aBATCH-UPD$b00$c20170904$lBLL01$h2030
=CAT  \\$aIPL-CLA$c20170929$lBLL01$h1737
=CAT  \\$aBATCH-UPD$b00$c20180223$lBLL01$h1929
=CAT  \\$aIPL-CLA$c20180331$lBLL01$h1628
=CAT  \\$aW1805-0475$c20180520$lBLL01$h1632
=CAT  \\$aBATCH-UPD$b00$c20180524$lBLL01$h1809
=CAT  \\$aIPL-CLA$c20180630$lBLL01$h1921
=CAT  \\$aW1908-0780$b00$c20200730$lBLL01$h1330
=CAT  \\$a15190$b40$c20201007$lBLL01$h1554
=CAT  \\$aCDS21$c20220118$lBLL01$h1105
=CAT  \\$a10806$b40$c20221104$lBLL01$h1314
=CAT  \\$aBATCH-UPD$b40$c20221121$lBLL01$h1401
=CAT  \\$aIPL-CLA$c20221231$lBLL01$h1448
=CAT  \\$a5410$b40$c20230313$lBLL01$h1315
=CFI  0\$aCurrent copyright fee: GBP29.95$c22\1$e01-jan-2023$fGBP29.95$g0$hP$5Uk
=CFI  2\$aPrevious copyright fee: GBP34.00$c22\1$e01-jul-2018$fGBP34.00$g0$hP$5Uk
=EST  \\$a1
=FFP  \\$aY$bBLDSS-3PM
=FIN  \\$aY$d20151026
=MNI  \\$a1990-7508
=SID  \\$aZ39$bOCLC
=TCO  \\$aXXX$c008
=TOC  \\$aETOC
=UNO  \\$aY
=ACF  \\$aPrevious copyright fee: GBP21.25$c4\3$e01-jan-2009$fGBP21.25$g0$hP$5Uk
=ACF  \\$aPrevious Copyright Fee: GBP16.75$c4\3$e13-apr-2007$fGBP16.75$g0$hP$5Uk
=ACF  \\$aPrevious copyright fee: GBP22.00$c4\3$e01-apr-2009$fGBP22.00$g0$hP$5Uk
=ACF  \\$aPrevious copyright fee: GBP22.00$c4\3$e12-aug-2012$fGBP22.00$g0$hP$5Uk
=ACF  \\$aPrevious copyright fee: GBP25.00$c4\3$e01-jan-2013$fGBP25.00$g0$hP$5Uk
=ACF  \\$aPrevious copyright fee: GBP25.77$c4\3$e01-jul-2013$fGBP25.77$g0$hP$5Uk
=ACF  \\$aPrevious copyright fee: GBP24.97$c4\3$e01-jan-2014$fGBP24.97$g0$hP$5Uk
=ACF  \\$aPrevious copyright fee: GBP24.21$c4\3$e01-jul-2014$fGBP24.21$g0$hP$5Uk
=ACF  \\$aPrevious copyright fee: GBP25.77$c4\3$e01-apr-2015$fGBP25.77$g0$hP$5Uk
=ACF  \\$aPrevious copyright fee: GBP26.63$c4\3$e01-jul-2015$fGBP26.63$g0$hP$5Uk
=ACF  \\$aPrevious copyright fee: GBP25.77$c4\3$e01-oct-2015$fGBP25.77$g0$hP$5Uk
=ACF  \\$aPrevious copyright fee: GBP27.55$c4\3$e01-apr-2016$fGBP27.55$g0$hP$5Uk
=ACF  \\$aPrevious copyright fee: GBP29.59$c4\3$e01-oct-2016$fGBP29.59$g0$hP$5Uk
=ACF  \\$aPrevious copyright fee: GBP31.96$c4\3$e01-apr-2017$fGBP31.96$g0$hP$5Uk
=ACF  \\$aPrevious copyright fee: GBP30.73$c4\3$e01-oct-2017$fGBP30.73$g0$hP$5Uk
=ACF  \\$aPrevious copyright fee: GBP28.54$c4\3$e01-apr-2018$fGBP28.54$g0$hP$5Uk
=LAS  \\$a5410$b40$c20230313$lBLL01$h1315

