=LDR  05734cas a2201261 a 4500
=001  013714527
=003  Uk
=005  20230501202507.0
=006  m\\\\\o\\d\\\\\\\\
=007  cr\un|||||||||
=008  070228c19789999gw\mr\pso\\\\\0\\\a0eng\c
=FMT  \\$a  SE
=010  \\$a  2012233672
=022  0\$a1861-1664$l0137-5881$26
=035  \\$a(OCoLC)85449589
=037  \\$a???$bSpringer
=040  \\$aOCLCS$beng$cOCLCS$dOCLCS$dLGG$dCIT$dOCLCQ$dWAU$dOCLCQ$dGUA$dOCLCF$dOCLCO$dUk
=042  \\$aukblsr
=050  \4$aQK710
=082  04$a571.205$223
=130  0\$aActa physiologiae plantarum (Online)
=210  1\$aActa physiol. plant.$b(Internet)
=222  \0$aActa physiologiae plantarum$b(Internet)
=245  10$aActa physiologiae plantarum$h[electronic resource].
=246  3\$aAPP
=260  \\$aWarszawa, Poland :$bPWN-Polish Scientific Publishers
=260  3\$3<2006->$aHeidelberg :$bSpringer
=310  \\$aMonthly,$b2013-
=321  \\$aBimonthly,$b2006-2012
=321  \\$aQuarterly,$b-2005
=336  \\$atext$2rdacontent
=337  \\$acomputer$2rdamedia
=338  \\$aonline resource$2rdacarrier
=362  1\$aPrint began with: v. 1, no. 1, published in 1978.
=525  \\$aHas occasional supplements.
=550  \\$aIssued by: Polish Academy of Sciences, Committee of Plant Physiology Genetics and Breeding.
=588  \\$aDescription based on: V. 19, no. 1 (Mar. 1997); title from journal home page (SpringerLink, viewed Jan. 6, 2010).
=588  \\$aLatest issue consulted: volume 37, issue 10 (October 2015) (SpringerLink, viewed September 9, 2015).
=540  \\$aCurrent copyright fee: GBP29.95$c22\1$5Uk
=650  \0$aPlant physiology$vPeriodicals.
=650  \7$aPlant physiology.$2fast$0(OCoLC)fst01065616
=655  \7$aPeriodicals.$2fast$0(OCoLC)fst01411641
=710  2\$aKomitet Fizjologii, Genetyki i Hodowli Roślin PAN.
=776  08$iPrint version$tActa physiologiae plantarum$x0137-5881
=856  \\$31850-9999$uhttp://www.springer.com/gb/$xBLDSS
=856  40$uhttp://www.springerlink.com/content/1861-1664
=859  \\$aXLD$bejournal
=859  \\$aELD$bejournal
=852  41$aBritish Library$bDSC$j0650.700000$3Volume 19:Issue 1(1997)-Volume 40:Issue 4(2018)***See ESTAR for full holdings.
=852  41$aBritish Library$bHMNTS$jELD Digital store$3Volume 40:Issue 1(2018)-
=945  \\$aActa physiologiae plantarum
=959  \\$fHeld but not currently received
=979  \\$aBritish Library$bDSC$j0650.700000
=CAT  \\$a7174$b40$c20070417$lBLL01$h1039
=CAT  \\$aIPL-CLA$c20150630$lBLL01$h1654
=CAT  \\$aBATCH-UPD$b00$c20150820$lBLL01$h1838
=CAT  \\$a8124$b40$c20150909$lBLL01$h1214
=CAT  \\$aIPL-CLA$c20150930$lBLL01$h1817
=CAT  \\$aBATCH-UPD$b00$c20160217$lBLL01$h1728
=CAT  \\$aIPL-CLA$c20160331$lBLL01$h1739
=CAT  \\$aBATCH-UPD$b00$c20160524$lBLL01$h2211
=CAT  \\$aBATCH-UPD$b00$c20160525$lBLL01$h0027
=CAT  \\$aBATCH-UPD$b00$c20160824$lBLL01$h1755
=CAT  \\$aIPL-CLA$c20160930$lBLL01$h1612
=CAT  \\$aBATCH-UPD$b00$c20170216$lBLL01$h1843
=CAT  \\$aIPL-CLA$c20170331$lBLL01$h1852
=CAT  \\$aBATCH-UPD$b00$c20170904$lBLL01$h1852
=CAT  \\$aIPL-CLA$c20170929$lBLL01$h1737
=CAT  \\$aBATCH-UPD$b00$c20180223$lBLL01$h1722
=CAT  \\$aIPL-CLA$c20180331$lBLL01$h1628
=CAT  \\$aW1805-0475$c20180520$lBLL01$h1632
=CAT  \\$aBATCH-UPD$b00$c20180524$lBLL01$h1714
=CAT  \\$aIPL-CLA$c20180630$lBLL01$h1921
=CAT  \\$aW1908-0780$b00$c20200730$lBLL01$h1330
=CAT  \\$a15190$b40$c20200928$lBLL01$h1032
=CAT  \\$aCDS21$c20220118$lBLL01$h1105
=CAT  \\$aBATCH-UPD$b00$c20221121$lBLL01$h1401
=CAT  \\$aIPL-CLA$c20221231$lBLL01$h1448
=CAT  \\$a5410$b40$c20230501$lBLL01$h2025
=CFI  0\$aCurrent copyright fee: GBP29.95$c22\1$e01-jan-2023$fGBP29.95$g0$hP$5Uk
=CFI  2\$aPrevious copyright fee: GBP34.00$c22\1$e01-jul-2018$fGBP34.00$g0$hP$5Uk
=EST  \\$a1
=FFP  \\$aY$bBLDSS-3PM
=FIN  \\$aY$d20150909
=LKR  \\$aPAR$b009185486$lBLL01$r776$mActa physiologiae plantarum (Online)$nActa physiologiae plantarum (Print).
=MNI  \\$a0137-5881
=SID  \\$aZ39$bOCLC
=TCO  \\$aDEU$bVG WORT$c008
=TCO  \\$aXXX$c008
=TOC  \\$aETOC
=UNO  \\$aY
=ACF  \\$aPrevious copyright fee: GBP21.25$c22\3$e01-jan-2009$fGBP21.25$g0$hP$5Uk
=ACF  \\$aPrevious Copyright Fee: GBP16.75$c22\3$e17-apr-2007$fGBP16.75$g0$hP$5Uk
=ACF  \\$aPrevious copyright fee: GBP22.00$c22\3$e01-apr-2009$fGBP22.00$g0$hP$5Uk
=ACF  \\$aPrevious copyright fee: GBP22.00$c22\3$e12-aug-2012$fGBP22.00$g0$hP$5Uk
=ACF  \\$aPrevious copyright fee: GBP25.00$c22\3$e01-jan-2013$fGBP25.00$g0$hP$5Uk
=ACF  \\$aPrevious copyright fee: GBP25.77$c22\3$e01-jul-2013$fGBP25.77$g0$hP$5Uk
=ACF  \\$aPrevious copyright fee: GBP24.97$c22\3$e01-jan-2014$fGBP24.97$g0$hP$5Uk
=ACF  \\$aPrevious copyright fee: GBP24.21$c22\3$e01-jul-2014$fGBP24.21$g0$hP$5Uk
=ACF  \\$aPrevious copyright fee: GBP25.77$c22\3$e01-apr-2015$fGBP25.77$g0$hP$5Uk
=ACF  \\$aPrevious copyright fee: GBP26.63$c22\3$e01-jul-2015$fGBP26.63$g0$hP$5Uk
=ACF  \\$aPrevious copyright fee: GBP25.77$c22\3$e01-oct-2015$fGBP25.77$g0$hP$5Uk
=ACF  \\$aPrevious copyright fee: GBP27.55$c22\3$e01-apr-2016$fGBP27.55$g0$hP$5Uk
=ACF  \\$aPrevious copyright fee: GBP29.59$c22\3$e01-oct-2016$fGBP29.59$g0$hP$5Uk
=ACF  \\$aPrevious copyright fee: GBP31.96$c22\3$e01-apr-2017$fGBP31.96$g0$hP$5Uk
=ACF  \\$aPrevious copyright fee: GBP30.73$c22\3$e01-oct-2017$fGBP30.73$g0$hP$5Uk
=ACF  \\$aPrevious copyright fee: GBP28.54$c22\3$e01-apr-2018$fGBP28.54$g0$hP$5Uk
=LAS  \\$a5410$b40$c20230501$lBLL01$h2025

