=LDR  06006cas a2201321 a 4500
=001  013718309
=003  Uk
=005  20230311105144.0
=006  m\\\\fo\\d\\\\\\\\
=007  cr||||||||||||
=008  000706c19899999njumx\poo\\\\\0\\\a0eng\c
=FMT  \\$a  SE
=010  \\$a2005215876
=022  \\$a1559-1166
=035  \\$a(OCoLC)44540143$z(OCoLC)49707153
=037  \\$a???$bSpringer
=040  \\$aF#A$cF#A$dOCLCQ$dOHS$dOCLCS$dNSD$dKSU$dOCLCQ$dPFM$dTXA$dBUF$dUk
=042  \\$aukblsr
=050  10$aISSN RECORD
=050  14$aQP356.2$b.J68
=082  10$a573.8$223
=130  0\$aJournal of molecular neuroscience (Online)
=210  0\$aJ. mol. neurosci.$b(Online)
=222  \0$aJournal of molecular neuroscience$b(Online)
=245  10$aJournal of molecular neuroscience$h[electronic resource].
=246  1\$aJMN
=260  \\$31989-1992:$a[Cambridge, MA] :$bBirkhäuser Boston,$cc1989-
=260  2\$31993-2009:$a[Totowa, N.J.] :$bHumana Press
=260  3\$32010- :$a[New York, NY] :$bSpringer Science+Business Media, LLC
=310  \\$aTen times a year,$b2011-
=321  \\$aNine issues a year,$b2004-
=321  \\$aThree issues a year,$b1989-1992
=321  \\$aQuarterly,$b1993-1996
=321  \\$aSix issues a year,$b1997-2003
=336  \\$atext$2rdacontent
=337  \\$acomputer$2rdamedia
=338  \\$aonline resource$2rdacarrier
=362  1\$aBegan with: Vol. 1, no. 1 (Mar. 1989).
=588  \\$aDescription based on: Vol. 1, no. 1 (1989); title from copyright statement (SpringerLink, viewed May 23, 2012).
=588  \\$aLatest issue consulted: volume 50, issue 3 (July 2013) (SpringerLink, viewed July 26, 2013).
=538  \\$aMode of access: World Wide Web.
=540  \\$aCurrent copyright fee: GBP34.95$c22\1$5Uk
=650  \0$aMolecular neurobiology$vPeriodicals.
=650  \2$aMolecular Biology$vPeriodicals.
=650  \2$aNeurosciences$vPeriodicals.
=776  08$iPrint version:$tJournal of molecular neuroscience$x0895-8696
=780  00$tMolecular and chemical neuropathology
=859  \\$aELD$bejournal
=856  \\$31850-9999$uhttp://www.springer.com/gb/$xBLDSS
=856  40$uhttp://link.springer.com/journal/12031
=856  40$uhttp://www.springerlink.com/content/120566/
=859  \\$aXLD$bejournal
=852  41$aBritish Library$bDSC$j5020.717000$3Volume 12:Issue 3(1999)-Volume 64:Issue 2(2018)***See ESTAR for full holdings.
=852  41$aBritish Library$bHMNTS$jELD Digital store$3Volume 64:Issue 1(2018)-
=945  \\$aJournal of molecular neuroscience
=959  \\$fHeld but not currently received
=979  \\$aBritish Library$bDSC$j5020.717000
=985  \\$aCONFERENCE ANALYTIC RECORDS EXIST
=CAT  \\$a7174$b40$c20070420$lBLL01$h0935
=CAT  \\$aBATCH-UPD$b00$c20150820$lBLL01$h1758
=CAT  \\$aIPL-CLA$c20150930$lBLL01$h1817
=CAT  \\$aBATCH-UPD$b00$c20160217$lBLL01$h1646
=CAT  \\$aIPL-CLA$c20160331$lBLL01$h1739
=CAT  \\$aBATCH-UPD$b00$c20160524$lBLL01$h2157
=CAT  \\$aBATCH-UPD$b00$c20160524$lBLL01$h2252
=CAT  \\$aBATCH-UPD$b00$c20160824$lBLL01$h1723
=CAT  \\$aIPL-CLA$c20160930$lBLL01$h1612
=CAT  \\$aBATCH-UPD$b00$c20170216$lBLL01$h1810
=CAT  \\$aIPL-CLA$c20170331$lBLL01$h1852
=CAT  \\$aBATCH-UPD$b00$c20170904$lBLL01$h1812
=CAT  \\$aIPL-CLA$c20170929$lBLL01$h1737
=CAT  \\$aBATCH-UPD$b00$c20180223$lBLL01$h1629
=CAT  \\$aIPL-CLA$c20180331$lBLL01$h1628
=CAT  \\$aW1805-0475$c20180520$lBLL01$h1632
=CAT  \\$aBATCH-UPD$b00$c20180524$lBLL01$h1700
=CAT  \\$aIPL-CLA$c20180630$lBLL01$h1921
=CAT  \\$aW1908-0780$b00$c20200730$lBLL01$h1330
=CAT  \\$a15190$b40$c20210223$lBLL01$h1513
=CAT  \\$a5552$b40$c20210818$lBLL01$h1201
=CAT  \\$aIPL-CLA$c20210930$lBLL01$h1528
=CAT  \\$aCDS21$c20220118$lBLL01$h1105
=CAT  \\$aBATCH-UPD$b00$c20221121$lBLL01$h1411
=CAT  \\$aIPL-CLA$c20221231$lBLL01$h1448
=CAT  \\$a5410$b40$c20230311$lBLL01$h1051
=CFI  0\$aCurrent copyright fee: GBP34.95$c22\1$e01-jan-2023$fGBP34.95$g0$hP$5Uk
=CFI  2\$aPrevious copyright fee: GBP43.00$c22\1$e01-oct-2021$fGBP43.00$g0$hP$5Uk
=EST  \\$a1
=FFP  \\$aY$bBLDSS-3PM
=FIN  \\$aY$d20130726
=LKR  \\$aPAR$b008217444$lBLL01$r776$mJournal of molecular neuroscience (Online)$nJournal of molecular neuroscience (Print)
=MNI  \\$a0895-8696
=SID  \\$aZ39$bOCLC
=TCO  \\$aTRS$bCCC$c008
=TOC  \\$aETOC
=UNO  \\$aY
=ACF  \\$aPrevious copyright fee: GBP21.25$c13\6$e01-jan-2009$fGBP21.25$g0$hP$5Uk
=ACF  \\$aPrevious Copyright Fee: GBP16.75$c13\6$e20-apr-2007$fGBP16.75$g0$hP$5Uk
=ACF  \\$aPrevious copyright fee: GBP22.00$c13\6$e01-apr-2009$fGBP22.00$g0$hP$5Uk
=ACF  \\$aPrevious copyright fee: GBP22.00$c13\6$e12-aug-2012$fGBP22.00$g0$hP$5Uk
=ACF  \\$aPrevious copyright fee: GBP25.00$c13\6$e01-jan-2013$fGBP25.00$g0$hP$5Uk
=ACF  \\$aPrevious copyright fee: GBP25.77$c13\6$e01-jul-2013$fGBP25.77$g0$hP$5Uk
=ACF  \\$aPrevious copyright fee: GBP24.97$c13\6$e01-jan-2014$fGBP24.97$g0$hP$5Uk
=ACF  \\$aPrevious copyright fee: GBP24.21$c13\6$e01-jul-2014$fGBP24.21$g0$hP$5Uk
=ACF  \\$aPrevious copyright fee: GBP25.77$c13\6$e01-apr-2015$fGBP25.77$g0$hP$5Uk
=ACF  \\$aPrevious copyright fee: GBP26.63$c13\6$e01-jul-2015$fGBP26.63$g0$hP$5Uk
=ACF  \\$aPrevious copyright fee: GBP25.77$c13\6$e01-oct-2015$fGBP25.77$g0$hP$5Uk
=ACF  \\$aPrevious copyright fee: GBP27.55$c13\6$e01-apr-2016$fGBP27.55$g0$hP$5Uk
=ACF  \\$aPrevious copyright fee: GBP29.59$c13\6$e01-oct-2016$fGBP29.59$g0$hP$5Uk
=ACF  \\$aPrevious copyright fee: GBP31.96$c13\6$e01-apr-2017$fGBP31.96$g0$hP$5Uk
=ACF  \\$aPrevious copyright fee: GBP30.73$c13\6$e01-oct-2017$fGBP30.73$g0$hP$5Uk
=ACF  \\$aPrevious copyright fee: GBP28.54$c13\6$e01-apr-2018$fGBP28.54$g0$hP$5Uk
=ACF  \\$aPrevious copyright fee: GBP34.00$c22\1$e01-jul-2018$fGBP34.00$g0$hP$5Uk
=LAS  \\$a5410$b40$c20230311$lBLL01$h1051

