=LDR  05572cas a2201249 a 4500
=001  013738090
=003  Uk
=005  20230311110533.0
=006  m\\\\\\\\d\\\\\\\\
=007  cr\mnu||||||||
=008  070906c20079999gw\br\pss\\\\\0\\\a0eng\c
=FMT  \\$a  SE
=010  \\$a2008263294
=016  7\$a2477301-3$2DE-600
=022  \\$a1863-2300$y1863-2297
=035  \\$a(OCoLC)168103776$z(OCoLC)317593664$z(OCoLC)646571312
=037  \\$a???$bSpringer
=040  \\$aIPL$cIPL$dTXA$dAGL$dHLS$dSERSO$dOCLCQ$dHEBIS$dCASUM$dUk
=042  \\$aukblsr
=050  14$aRC582.15$b.S675
=060  00$aW1$bSP685J
=070  0\$aRC581$b.S67
=072  \0$aX300
=072  \0$aX380
=082  04$a616.07905$223
=130  0\$aSeminars in immunopathology (Online)
=222  \0$aSeminars in immunopathology$b(Internet)
=245  10$aSeminars in immunopathology$h[electronic resource].
=260  \\$aBerlin :$bSpringer
=310  \\$aBimonthly,$b2011-
=321  \\$aQuarterly,$b2007-2010
=336  \\$atext$2rdacontent
=337  \\$acomputer$2rdamedia
=338  \\$aonline resource$2rdacarrier
=362  1\$aBegan with vol. 29, no. 1 (Apr. 2007).
=588  \\$aLatest issue consulted: Vol. 34, no. 1 (Jan. 2012) (SpringerLink, viewed Dec. 14, 2011).
=540  \\$aCurrent copyright fee: GBP34.95$c22\1$5Uk
=650  \0$aImmunopathology$vPeriodicals.
=650  \0$aImmunochemistry$vPeriodicals.
=776  08$iPrint version:$tSeminars in immunopathology$x1863-2297
=780  00$tSpringer seminars in immunopathology (Online)$x1432-2196
=859  \\$aELD$bejournal
=856  \\$31850-9999$uhttp://www.springer.com/gb/$xBLDSS
=856  40$uhttp://www.springerlink.com/content/120604
=856  40$uhttp://www.springerlink.com/content/1863-2297
=859  \\$aXLD$bejournal
=852  41$aBritish Library$bDSC$j8239.451300$3Volume 29:Issue 1(2007)-Volume 40:Issue 2(2018)***See ESTAR for full holdings.
=852  41$aBritish Library$bHMNTS$jELD Digital store$3Volume 39:Issue 6(2017)-
=945  \\$aSeminars in immunopathology
=959  \\$fHeld but not currently received
=979  \\$aBritish Library$bDSC$j8239.451300
=CAT  \\$a7174$b40$c20070503$lBLL01$h1156
=CAT  \\$aBATCH-UPD$b00$c20150820$lBLL01$h1838
=CAT  \\$aIPL-CLA$c20150930$lBLL01$h1817
=CAT  \\$aBATCH-UPD$b00$c20160217$lBLL01$h1728
=CAT  \\$aIPL-CLA$c20160331$lBLL01$h1740
=CAT  \\$aBATCH-UPD$b00$c20160524$lBLL01$h2211
=CAT  \\$aBATCH-UPD$b00$c20160525$lBLL01$h0027
=CAT  \\$aBATCH-UPD$b00$c20160824$lBLL01$h1755
=CAT  \\$aIPL-CLA$c20160930$lBLL01$h1612
=CAT  \\$aBATCH-UPD$b00$c20170216$lBLL01$h1843
=CAT  \\$aIPL-CLA$c20170331$lBLL01$h1852
=CAT  \\$aBATCH-UPD$b00$c20170904$lBLL01$h1852
=CAT  \\$aIPL-CLA$c20170929$lBLL01$h1737
=CAT  \\$aBATCH-UPD$b00$c20180223$lBLL01$h1722
=CAT  \\$aIPL-CLA$c20180331$lBLL01$h1628
=CAT  \\$aW1805-0475$c20180520$lBLL01$h1632
=CAT  \\$aBATCH-UPD$b00$c20180524$lBLL01$h1714
=CAT  \\$aIPL-CLA$c20180630$lBLL01$h1921
=CAT  \\$aW1908-0780$b00$c20200730$lBLL01$h1330
=CAT  \\$a15190$b40$c20210413$lBLL01$h1634
=CAT  \\$a5552$b40$c20210824$lBLL01$h1345
=CAT  \\$aIPL-CLA$c20210930$lBLL01$h1528
=CAT  \\$aCDS21$c20220118$lBLL01$h1105
=CAT  \\$aBATCH-UPD$b00$c20221121$lBLL01$h1411
=CAT  \\$aIPL-CLA$c20221231$lBLL01$h1448
=CAT  \\$a5410$b40$c20230311$lBLL01$h1105
=CFI  0\$aCurrent copyright fee: GBP34.95$c22\1$e01-jan-2023$fGBP34.95$g0$hP$5Uk
=CFI  2\$aPrevious copyright fee: GBP43.00$c22\1$e01-oct-2021$fGBP43.00$g0$hP$5Uk
=EST  \\$a1
=FFP  \\$aY$bBLDSS-3PM
=FIN  \\$aY$d20111214
=LKR  \\$aPAR$b013095878$lBLL01$r780$mSeminars in immunopathology$nSpringer seminars in immunopathology
=LKR  \\$aPAR$b010497733$lBLL01$r776$mSeminars in immunopathology$nSpringer seminars in immunopathology (Print).
=MNI  \\$a1863-2297
=SID  \\$aZ39$bOCLC
=TCO  \\$aCHE$bPRO LITTERIS$c008
=TOC  \\$aETOC
=UNO  \\$aY
=ACF  \\$aPrevious copyright fee: GBP21.25$c22\3$e01-jan-2009$fGBP21.25$g0$hP$5Uk
=ACF  \\$aPrevious Copyright Fee: GBP16.75$c22\3$e03-may-2007$fGBP16.75$g0$hP$5Uk
=ACF  \\$aPrevious copyright fee: GBP22.00$c22\3$e01-apr-2009$fGBP22.00$g0$hP$5Uk
=ACF  \\$aPrevious copyright fee: GBP22.00$c22\3$e12-aug-2012$fGBP22.00$g0$hP$5Uk
=ACF  \\$aPrevious copyright fee: GBP25.00$c22\3$e01-jan-2013$fGBP25.00$g0$hP$5Uk
=ACF  \\$aPrevious copyright fee: GBP25.77$c22\3$e01-jul-2013$fGBP25.77$g0$hP$5Uk
=ACF  \\$aPrevious copyright fee: GBP24.97$c22\3$e01-jan-2014$fGBP24.97$g0$hP$5Uk
=ACF  \\$aPrevious copyright fee: GBP24.21$c22\3$e01-jul-2014$fGBP24.21$g0$hP$5Uk
=ACF  \\$aPrevious copyright fee: GBP25.77$c22\3$e01-apr-2015$fGBP25.77$g0$hP$5Uk
=ACF  \\$aPrevious copyright fee: GBP26.63$c22\3$e01-jul-2015$fGBP26.63$g0$hP$5Uk
=ACF  \\$aPrevious copyright fee: GBP25.77$c22\3$e01-oct-2015$fGBP25.77$g0$hP$5Uk
=ACF  \\$aPrevious copyright fee: GBP27.55$c22\3$e01-apr-2016$fGBP27.55$g0$hP$5Uk
=ACF  \\$aPrevious copyright fee: GBP29.59$c22\3$e01-oct-2016$fGBP29.59$g0$hP$5Uk
=ACF  \\$aPrevious copyright fee: GBP31.96$c22\3$e01-apr-2017$fGBP31.96$g0$hP$5Uk
=ACF  \\$aPrevious copyright fee: GBP30.73$c22\3$e01-oct-2017$fGBP30.73$g0$hP$5Uk
=ACF  \\$aPrevious copyright fee: GBP28.54$c22\3$e01-apr-2018$fGBP28.54$g0$hP$5Uk
=ACF  \\$aPrevious copyright fee: GBP34.00$c22\1$e01-jul-2018$fGBP34.00$g0$hP$5Uk
=LAS  \\$a5410$b40$c20230311$lBLL01$h1105

