=LDR  06029cas a2201297 a 4500
=001  013741736
=003  Uk
=005  20230313133330.0
=006  m\\\\\\\\d\\\\\\\\
=007  cr||||||||||||
=008  070228c19849999xxumr\pss\\\\\0\\\a0eng\c
=FMT  \\$a  SE
=010  \\$a  2011233005
=022  \\$a1975-7220$l0256-1115
=035  \\$a(OCoLC)85449010
=037  \\$a???$bSpringer
=040  \\$aOCoLC$beng$cOCoLC$dOCoLC$dRUQBL$dCPT$dOCoLC$dGU$dUk
=042  \\$aukblsr
=050  14$aTP155
=082  04$a660.05$222
=130  0\$aKorean journal of chemical engineering (Online)
=210  1\$aKorean j. chem. eng.$b(Online)
=222  \0$aKorean journal of chemical engineering$b(Online)
=245  14$aThe Korean journal of chemical engineering$h[electronic resource].
=246  13$aKorean international journal of chemical engineering
=260  \\$aSeoul, Korea :$bKorean Institute of Chemical Engineers
=260  3\$aNew York :$bSpringer
=310  \\$aMonthly,$b2011-
=321  \\$aBimonthly,$b1996-2010
=321  \\$aSemiannual,$b1984-1988
=321  \\$a4 issues per year,$b1989-1994
=321  \\$a5 issues per year,$b1995
=336  \\$atext$2rdacontent
=337  \\$acomputer$2rdamedia
=338  \\$aonline resource$2rdacarrier
=362  1\$aPrint began with v. 1, no. 1 (Mar. 1984).
=500  \\$aImage of cover on journal homepage has word "international" at head of title, interposed between words "Korean" and "journal."
=500  \\$aDevoted to the publication of chemical engineering, applied chemistry and biological engineering.
=525  \\$aHas special issues.
=588  \\$aDescription based on: Vol. 14, no. 1 (Jan. 1997); title from journal home page (SpringerLink, Feb. 12, 2010).
=588  \\$aLatest issue consulted: Vol. 28, no. 5 (May 2011) (viewed June 1, 2011).
=540  \\$aCurrent copyright fee: GBP29.95$c22\1$5Uk
=650  \0$aChemical engineering$vPeriodicals.
=650  \0$aBioengineering$vPeriodicals.
=710  2\$aHanʾguk Hwahak Konghakhoe.
=776  08$iPrint version:$tKorean journal of chemical engineering$x0256-1115
=859  \\$aELD$bejournal
=856  \\$31850-9999$uhttp://www.springer.com/gb/$xBLDSS
=856  40$uhttp://rzblx1.uni-regensburg.de/ezeit/warpto.phtml?colors=7&jour%5Fid=53172
=856  40$uhttp://www.springerlink.com/content/120599/
=859  \\$aXLD$bejournal
=852  41$aBritish Library$bDSC$j5113.525000$3Volume 23:Issue 6(2006)-Volume 35:Issue 3(2018)***See ESTAR for full holdings.
=852  41$aBritish Library$bHMNTS$jELD Digital store$3Volume 35:Issue 1(2018)-
=945  \\$aKorean journal of chemical engineering
=959  \\$fHeld but not currently received
=979  \\$aBritish Library$bDSC$j5113.525000
=CAT  \\$a7174$b40$c20070509$lBLL01$h1059
=CAT  \\$aBATCH-UPD$b00$c20150520$lBLL01$h1759
=CAT  \\$aIPL-CLA$c20150630$lBLL01$h1655
=CAT  \\$aBATCH-UPD$b00$c20150820$lBLL01$h1846
=CAT  \\$aIPL-CLA$c20150930$lBLL01$h1817
=CAT  \\$aBATCH-UPD$b00$c20160217$lBLL01$h1737
=CAT  \\$aIPL-CLA$c20160331$lBLL01$h1740
=CAT  \\$aBATCH-UPD$b00$c20160524$lBLL01$h2211
=CAT  \\$aBATCH-UPD$b00$c20160525$lBLL01$h0027
=CAT  \\$aBATCH-UPD$b00$c20160824$lBLL01$h1804
=CAT  \\$aIPL-CLA$c20160930$lBLL01$h1612
=CAT  \\$aBATCH-UPD$b00$c20170216$lBLL01$h1852
=CAT  \\$aIPL-CLA$c20170331$lBLL01$h1852
=CAT  \\$aBATCH-UPD$b00$c20170904$lBLL01$h1902
=CAT  \\$aIPL-CLA$c20170929$lBLL01$h1737
=CAT  \\$aBATCH-UPD$b00$c20180223$lBLL01$h1735
=CAT  \\$aIPL-CLA$c20180331$lBLL01$h1628
=CAT  \\$aW1805-0475$c20180520$lBLL01$h1632
=CAT  \\$aBATCH-UPD$b00$c20180524$lBLL01$h1722
=CAT  \\$aIPL-CLA$c20180630$lBLL01$h1921
=CAT  \\$aW1908-0780$b00$c20200730$lBLL01$h1330
=CAT  \\$a15190$b40$c20210305$lBLL01$h1427
=CAT  \\$aCDS21$c20220118$lBLL01$h1105
=CAT  \\$aBATCH-UPD$b00$c20221121$lBLL01$h1401
=CAT  \\$aIPL-CLA$c20221231$lBLL01$h1448
=CAT  \\$a5410$b40$c20230313$lBLL01$h1333
=CFI  0\$aCurrent copyright fee: GBP29.95$c22\1$e01-jan-2023$fGBP29.95$g0$hP$5Uk
=CFI  2\$aPrevious copyright fee: GBP34.00$c22\1$e01-jul-2018$fGBP34.00$g0$hP$5Uk
=EST  \\$a1
=FFP  \\$aY$bBLDSS-3PM
=FIN  \\$aY$d20110601
=LKR  \\$aPAR$b010197019$lBLL01$r776$mKorean journal of chemical engineering [electronic resource].$nThe Korean journal of chemical engineering (Print)
=MNI  \\$a0256-1115
=SRC  \\$aBLL02
=TCO  \\$aTRS$bCCC$c008
=TCO  \\$aXXX$c008
=TOC  \\$aETOC
=UNO  \\$aY
=ACF  \\$aPrevious copyright fee: GBP21.25$c22\8$e01-jan-2009$fGBP21.25$g0$hP$5Uk
=ACF  \\$aPrevious Copyright Fee: GBP16.75$c22\8$e09-may-2007$fGBP16.75$g0$hP$5Uk
=ACF  \\$aPrevious copyright fee: GBP22.00$c22\8$e01-apr-2009$fGBP22.00$g0$hP$5Uk
=ACF  \\$aPrevious copyright fee: GBP22.00$c22\8$e12-aug-2012$fGBP22.00$g0$hP$5Uk
=ACF  \\$aPrevious copyright fee: GBP25.00$c22\8$e01-jan-2013$fGBP25.00$g0$hP$5Uk
=ACF  \\$aPrevious copyright fee: GBP25.77$c22\8$e01-jul-2013$fGBP25.77$g0$hP$5Uk
=ACF  \\$aPrevious copyright fee: GBP24.97$c22\8$e01-jan-2014$fGBP24.97$g0$hP$5Uk
=ACF  \\$aPrevious copyright fee: GBP24.21$c22\8$e01-jul-2014$fGBP24.21$g0$hP$5Uk
=ACF  \\$aPrevious copyright fee: GBP25.77$c22\8$e01-apr-2015$fGBP25.77$g0$hP$5Uk
=ACF  \\$aPrevious copyright fee: GBP26.63$c22\8$e01-jul-2015$fGBP26.63$g0$hP$5Uk
=ACF  \\$aPrevious copyright fee: GBP25.77$c22\8$e01-oct-2015$fGBP25.77$g0$hP$5Uk
=ACF  \\$aPrevious copyright fee: GBP27.55$c22\8$e01-apr-2016$fGBP27.55$g0$hP$5Uk
=ACF  \\$aPrevious copyright fee: GBP29.59$c22\8$e01-oct-2016$fGBP29.59$g0$hP$5Uk
=ACF  \\$aPrevious copyright fee: GBP31.96$c22\8$e01-apr-2017$fGBP31.96$g0$hP$5Uk
=ACF  \\$aPrevious copyright fee: GBP30.73$c22\8$e01-oct-2017$fGBP30.73$g0$hP$5Uk
=ACF  \\$aPrevious copyright fee: GBP28.54$c22\8$e01-apr-2018$fGBP28.54$g0$hP$5Uk
=LAS  \\$a5410$b40$c20230313$lBLL01$h1333

