=LDR  05598cas a2201237 a 4500
=001  013759829
=003  Uk
=005  20230307135811.0
=006  m\\\\\\\\d\\\\\\\\
=007  cr\|||||||||||
=008  070910c19939999sp\tr\pso\\\\\0\\\a0eng\d
=FMT  \\$a  SE
=022  \\$a1863-8279
=035  \\$a(OCoLC)170608239
=037  \\$a???$bSpringer
=040  \\$aIPL$cIPL$dIPL$dMUQ$dOCLCQ$dVPI$dOCLCF$dOCLCO$dUk
=042  \\$aukblsr
=050  \4$aQA329$b.T72
=082  04$a658.4034$223
=130  0\$aTop (Madrid, Spain : Online)
=222  \0$aTop$b(Berlin. Springer. Internet)
=245  10$aTop$h[electronic resource] /$cSociedad Española de Estadistica e Investigación Operativa.
=246  3\$aTOP
=260  \\$aMadrid :$bLa Sociedad ;$aBerlin :$bSpringer,$cc1993-
=310  \\$aThree times a year,$b2012-
=321  \\$aSemiannual,$b-2011
=336  \\$atext$2rdacontent
=337  \\$acomputer$2rdamedia
=338  \\$aonline resource$2rdacarrier
=362  0\$aVol. 1, no. 1 (Dec. 1993)-
=515  \\$aVol. 1 and vol. 14 consist of one number only.
=500  \\$aTitle from journal information screen (SpringerLink, viewed Sept. 10, 2007).
=538  \\$aMode of access: World Wide Web.
=550  \\$aOfficial journal of the Spanish Society of Statistics and Operations Research.
=588  \\$aLatest issue consulted: volume 23, issue 2 (July 2015) (viewed September 22, 2015).
=540  \\$aCurrent copyright fee: GBP29.95$c22\1$5Uk
=650  \0$aOperations research$vPeriodicals.
=650  \0$aOperations research$xMathematics$vPeriodicals.
=650  \6$aRecherche opérationnelle$vPériodiques.
=690  7\$aManagement and Business Studies$2blcoll
=710  2\$aSociedad Española de Estadística y de Investigación Operativa.
=776  08$iPrint version:$tTop (Madrid, Spain)$x1134-5764
=780  00$tTrabajos de investigación operativa$x2340-4108
=856  \\$31850-9999$uhttp://www.springer.com/gb/$xBLDSS
=856  4\$uhttp://www.springerlink.com/content/120409/
=859  \\$aXLD$bejournal
=859  \\$aELD$bejournal
=852  41$aBritish Library$bHMNTS$jELD Digital store$3Volume 26:Issue 1(2018)-
=852  41$aBritish Library$bDSC$j8867.354150$3Volume 6:Issue 1(1998)-Volume 25:Issue 3(2017)***See ESTAR for full holdings.
=945  \\$aTop -Madrid-.
=959  \\$fHeld but not currently received
=979  \\$aBritish Library$bDSC$j8867.354150
=CAT  \\$a7174$b40$c20070604$lBLL01$h1347
=CAT  \\$a11316$b40$c20150922$lBLL01$h1243
=CAT  \\$a11316$b40$c20150922$lBLL01$h1248
=CAT  \\$aBATCH-MBS$c20150925$lBLL01$h2103
=CAT  \\$aIPL-CLA$c20150930$lBLL01$h1817
=CAT  \\$aBATCH-UPD$b00$c20160217$lBLL01$h1732
=CAT  \\$aIPL-CLA$c20160331$lBLL01$h1740
=CAT  \\$aBATCH-UPD$b00$c20160524$lBLL01$h2211
=CAT  \\$aBATCH-UPD$b00$c20160525$lBLL01$h0027
=CAT  \\$aBATCH-UPD$b00$c20160824$lBLL01$h1759
=CAT  \\$aIPL-CLA$c20160930$lBLL01$h1613
=CAT  \\$aBATCH-UPD$b00$c20170216$lBLL01$h1847
=CAT  \\$aIPL-CLA$c20170331$lBLL01$h1852
=CAT  \\$aBATCH-UPD$b00$c20170904$lBLL01$h1856
=CAT  \\$aIPL-CLA$c20170929$lBLL01$h1737
=CAT  \\$aBATCH-UPD$b00$c20180223$lBLL01$h1729
=CAT  \\$aIPL-CLA$c20180331$lBLL01$h1629
=CAT  \\$aW1805-0475$c20180520$lBLL01$h1632
=CAT  \\$aBATCH-UPD$b00$c20180524$lBLL01$h1717
=CAT  \\$aIPL-CLA$c20180630$lBLL01$h1922
=CAT  \\$aW1908-0780$b00$c20200730$lBLL01$h1331
=CAT  \\$a15005$b40$c20210225$lBLL01$h1354
=CAT  \\$aCDS21$c20220118$lBLL01$h1105
=CAT  \\$aBATCH-UPD$b00$c20221121$lBLL01$h1401
=CAT  \\$aIPL-CLA$c20221231$lBLL01$h1448
=CAT  \\$a5410$b40$c20230307$lBLL01$h1358
=CFI  0\$aCurrent copyright fee: GBP29.95$c22\1$e01-jan-2023$fGBP29.95$g0$hP$5Uk
=CFI  2\$aPrevious copyright fee: GBP34.00$c22\1$e01-jul-2018$fGBP34.00$g0$hP$5Uk
=EST  \\$a1
=FFP  \\$aY$bBLDSS-3PM
=FIN  \\$aY$d20150922
=LKR  \\$aPAR$b011138317$lBLL01$r776$mTop (Online)$nTop (Print)
=MNI  \\$a1134-5764
=SID  \\$aZ39$bOCLC
=TCO  \\$aESP$bCEDRO$c008
=TOC  \\$aETOC
=UNO  \\$aY
=ACF  \\$aPrevious copyright fee: GBP21.25$c22\5$e12-jan-2009$fGBP21.25$g0$hP$5Uk
=ACF  \\$aCurrent Copyright Fee: GBP16.75$c25\5$e04-jun-2007$fGBP16.75$g0$hP$5Uk
=ACF  \\$aPrevious copyright fee: GBP22.00$c22\5$e01-apr-2009$fGBP22.00$g0$hP$5Uk
=ACF  \\$aPrevious copyright fee: GBP22.00$c22\5$e12-aug-2012$fGBP22.00$g0$hP$5Uk
=ACF  \\$aPrevious copyright fee: GBP25.00$c22\5$e01-jan-2013$fGBP25.00$g0$hP$5Uk
=ACF  \\$aPrevious copyright fee: GBP25.77$c22\5$e01-jul-2013$fGBP25.77$g0$hP$5Uk
=ACF  \\$aPrevious copyright fee: GBP24.97$c22\5$e01-jan-2014$fGBP24.97$g0$hP$5Uk
=ACF  \\$aPrevious copyright fee: GBP24.21$c22\5$e01-jul-2014$fGBP24.21$g0$hP$5Uk
=ACF  \\$aPrevious copyright fee: GBP25.77$c22\5$e01-apr-2015$fGBP25.77$g0$hP$5Uk
=ACF  \\$aPrevious copyright fee: GBP26.63$c22\5$e01-jul-2015$fGBP26.63$g0$hP$5Uk
=ACF  \\$aPrevious copyright fee: GBP25.77$c22\5$e01-oct-2015$fGBP25.77$g0$hP$5Uk
=ACF  \\$aPrevious copyright fee: GBP27.55$c22\5$e01-apr-2016$fGBP27.55$g0$hP$5Uk
=ACF  \\$aPrevious copyright fee: GBP29.59$c22\5$e01-oct-2016$fGBP29.59$g0$hP$5Uk
=ACF  \\$aPrevious copyright fee: GBP31.96$c22\5$e01-apr-2017$fGBP31.96$g0$hP$5Uk
=ACF  \\$aPrevious copyright fee: GBP30.73$c22\5$e01-oct-2017$fGBP30.73$g0$hP$5Uk
=ACF  \\$aPrevious copyright fee: GBP28.54$c22\5$e01-apr-2018$fGBP28.54$g0$hP$5Uk
=LAS  \\$a5410$b40$c20230307$lBLL01$h1358

