=LDR  05414cas a2201189 a 4500
=001  013765318
=003  Uk
=005  20230314144612.0
=006  m\\\\\o\\d\\\\\\\\
=007  cr\cn|||||||||
=008  010316c19999999nyubr\pso\\\\\0\\\a0eng\c
=FMT  \\$a  SE
=010  \\$a2001212046
=022  0\$a1534-3138$l1092-8480$21
=035  \\$a(OCoLC)46465429
=037  \\$a???$bSpringer
=040  \\$aNSD$beng$cNSD$dOCLCQ$dKSU$dOCLCQ$dSCB$dOCLCQ$dUk
=042  \\$ansdp$aukblsr
=050  14$aRC346$b.C87
=082  04$a616.806$223
=130  0\$aCurrent treatment options in neurology (Online)
=210  0\$aCurr. treatm. opt. neurol.$b(Online)
=222  \0$aCurrent treatment options in neurology$b(Online)
=245  10$aCurrent treatment options in neurology$h[electronic resource].
=260  \\$aPhiladelphia, PA :$bCurrent Science,$cc2001-
=264  \1$a[New York] :$bSpringer US
=310  \\$aBimonthly
=336  \\$atext$2rdacontent
=337  \\$acomputer$2rdamedia
=338  \\$aonline resource$2rdacarrier
=362  0\$aVol. 1, no. 1 (Feb. 1999)-
=500  \\$aTitle from contents screen (viewed Mar. 16, 2001).
=538  \\$aMode of access: World Wide Web.
=588  \\$aLatest issue consulted: volume 15, issue 5 (October 2013) (SpringerLink, viewed November 8, 2013).
=540  \\$aCurrent copyright fee: GBP34.95$c22\1$5Uk
=650  \0$aNeurology$vPeriodicals.
=776  08$iAlso issued in print as:$tCurrent treatment options in neurology$x1092-8480
=856  \\$31850-9999$uhttp://www.springer.com/gb/$xBLDSS
=859  \\$aELD$bejournal
=856  40$uhttp://link.springer.com/journal/11940
=856  40$uhttp://www.treatment-options.com/ne
=859  \\$aXLD$bejournal
=852  41$aBritish Library$bDSC$j3504.936450$3Volume 1:Issue 1(1999)-Volume 20:Issue 4(2018)***See ESTAR for full holdings.
=852  41$aBritish Library$bHMNTS$jELD Digital store$3Volume 19:Issue 12(2017)-
=945  \\$aCurrent treatment options in neurology
=959  \\$fHeld but not currently received
=979  \\$aBritish Library$bDSC$j3504.936450
=CAT  \\$a7174$b40$c20070611$lBLL01$h1136
=CAT  \\$aBATCH-UPD$b00$c20150820$lBLL01$h1801
=CAT  \\$aIPL-CLA$c20150930$lBLL01$h1818
=CAT  \\$aBATCH-UPD$b00$c20160217$lBLL01$h1649
=CAT  \\$aIPL-CLA$c20160331$lBLL01$h1740
=CAT  \\$aBATCH-UPD$b00$c20160520$lBLL01$h0823
=CAT  \\$aBATCH-UPD$b00$c20160524$lBLL01$h2157
=CAT  \\$aBATCH-UPD$b00$c20160824$lBLL01$h1727
=CAT  \\$aIPL-CLA$c20160930$lBLL01$h1613
=CAT  \\$aBATCH-UPD$b00$c20170216$lBLL01$h1814
=CAT  \\$aIPL-CLA$c20170331$lBLL01$h1852
=CAT  \\$aBATCH-UPD$b00$c20170904$lBLL01$h1817
=CAT  \\$aIPL-CLA$c20170929$lBLL01$h1737
=CAT  \\$aBATCH-UPD$b00$c20180223$lBLL01$h1634
=CAT  \\$aIPL-CLA$c20180331$lBLL01$h1629
=CAT  \\$aW1805-0475$c20180520$lBLL01$h1632
=CAT  \\$aBATCH-UPD$b00$c20180524$lBLL01$h1704
=CAT  \\$aIPL-CLA$c20180630$lBLL01$h1922
=CAT  \\$aW1908-0780$b00$c20200730$lBLL01$h1331
=CAT  \\$a15190$b40$c20201021$lBLL01$h0947
=CAT  \\$a5552$b40$c20210811$lBLL01$h0844
=CAT  \\$aIPL-CLA$c20210930$lBLL01$h1528
=CAT  \\$aCDS21$c20220118$lBLL01$h1105
=CAT  \\$aBATCH-UPD$b00$c20221121$lBLL01$h1411
=CAT  \\$aIPL-CLA$c20221231$lBLL01$h1448
=CAT  \\$a5410$b40$c20230314$lBLL01$h1446
=CFI  0\$aCurrent copyright fee: GBP34.95$c22\1$e01-jan-2023$fGBP34.95$g0$hP$5Uk
=CFI  2\$aPrevious copyright fee: GBP43.00$c22\1$e01-oct-2021$fGBP43.00$g0$hP$5Uk
=EST  \\$a1
=FFP  \\$aY$bBLDSS-3PM
=FIN  \\$aY$d20131108
=LKR  \\$aPAR$b007160760$lBLL01$nCurrent treatment options in neurology (Print)$mCurrent treatment options in neurology (Online)$r776
=MNI  \\$a1092-8480
=SID  \\$aZ39$bOCLC
=TCO  \\$aTRS$bCCC$c008
=TOC  \\$aETOC
=UNO  \\$aY
=ACF  \\$aPrevious copyright fee: GBP21.25$c13\9$e01-jan-2009$fGBP21.25$g0$hP$5Uk
=ACF  \\$aPrevious Copyright Fee: GBP16.75$c13\9$e11-jun-2007$fGBP16.75$g0$hP$5Uk
=ACF  \\$aPrevious copyright fee: GBP22.00$c13\9$e01-apr-2009$fGBP22.00$g0$hP$5Uk
=ACF  \\$aPrevious copyright fee: GBP22.00$c13\9$e12-aug-2012$fGBP22.00$g0$hP$5Uk
=ACF  \\$aPrevious copyright fee: GBP25.00$c13\9$e01-jan-2013$fGBP25.00$g0$hP$5Uk
=ACF  \\$aPrevious copyright fee: GBP25.77$c13\9$e01-jul-2013$fGBP25.77$g0$hP$5Uk
=ACF  \\$aPrevious copyright fee: GBP24.97$c13\9$e01-jan-2014$fGBP24.97$g0$hP$5Uk
=ACF  \\$aPrevious copyright fee: GBP24.21$c13\9$e01-jul-2014$fGBP24.21$g0$hP$5Uk
=ACF  \\$aPrevious copyright fee: GBP25.77$c13\9$e01-apr-2015$fGBP25.77$g0$hP$5Uk
=ACF  \\$aPrevious copyright fee: GBP26.63$c13\9$e01-jul-2015$fGBP26.63$g0$hP$5Uk
=ACF  \\$aPrevious copyright fee: GBP25.77$c13\9$e01-oct-2015$fGBP25.77$g0$hP$5Uk
=ACF  \\$aPrevious copyright fee: GBP27.55$c13\9$e01-apr-2016$fGBP27.55$g0$hP$5Uk
=ACF  \\$aPrevious copyright fee: GBP29.59$c13\9$e01-oct-2016$fGBP29.59$g0$hP$5Uk
=ACF  \\$aPrevious copyright fee: GBP31.96$c13\9$e01-apr-2017$fGBP31.96$g0$hP$5Uk
=ACF  \\$aPrevious copyright fee: GBP30.73$c13\9$e01-oct-2017$fGBP30.73$g0$hP$5Uk
=ACF  \\$aPrevious copyright fee: GBP28.54$c13\9$e01-apr-2018$fGBP28.54$g0$hP$5Uk
=ACF  \\$aPrevious copyright fee: GBP34.00$c22\1$e01-jul-2018$fGBP34.00$g0$hP$5Uk
=LAS  \\$a5410$b40$c20230314$lBLL01$h1446

