=LDR  05676cas a2201273 a 4500
=001  013770834
=003  Uk
=005  20230314144031.0
=006  m\\\\\o\\d\\\\\\\\
=007  cr\|||||||||||
=008  050614c19519999is\tr\p\o\\\\\0\\\b0fre\c
=FMT  \\$a  SE
=010  \\$a  2013250505
=022  \\$a1565-8538
=030  \\$aJOAMAV
=035  \\$a(OCoLC)60627692$z(OCoLC)450121324$z(OCoLC)503721504$z(OCoLC)746104232
=037  \\$a???$bSpringer
=040  \\$aOCLCS$beng$cOCLCS$dOCLCQ$dCIT$dOCLCQ$dTXA$dVPI$dOCLCQ$dBUF$dCUD$dOCLCE$dOCLCO$dUk
=041  0\$afre$aeng
=042  \\$aukblsr
=050  14$aQA1$b.J85
=082  04$a515$223
=222  \0$aJournal d'analyse mathématique$b(Jerusalem. Online)
=245  00$aJournal d'analyse mathématique$h[electronic resource].
=246  31$aKtab et le-analizah matematit
=260  \\$aJérusalem :$bWeizman Science Press of Israel,$c1951-
=260  3\$3<2013- >:$aJerusalem :$bHebrew University Magnes Press
=310  \\$aThree issues a year,$b1994-
=321  \\$aFrequency varies,$b1951-1993
=336  \\$atext$2rdacontent
=337  \\$acomputer$2rdamedia
=338  \\$aonline resource$2rdacarrier
=362  1\$aBegan with: Vol. 1 (1951).
=546  \\$aFrench and English.
=588  \\$aDescription based on print version record.
=588  \\$aLatest issue consulted: Vol. 126, issue 1 (April 2015) (SpringerLink, viewed September 22, 2015).
=540  \\$aCurrent copyright fee: GBP29.95$c22\1$5Uk
=650  \0$aMathematical analysis$vPeriodicals.
=650  \0$aMathematics$vPeriodicals.
=650  \6$aMathématiques$vPériodiques.
=650  17$aWiskunde.$2gtt
=655  \0$aElectronic journals.
=776  08$iPrint version:$tJournal d'analyse mathématique$x0021-7670
=859  \\$aELD$bejournal
=856  \\$31850-9999$uhttp://www.springer.com/gb/$xBLDSS
=856  40$uhttp://link.springer.com/journal/11854
=856  40$uhttp://www.springerlink.com/content/120600/
=856  42$uhttp://www.ma.huji.ac.il/jdm/
=859  \\$aXLD$bejournal
=852  41$aBritish Library$bDSC$j4928.000000$3Volume 71:Issue 1(1997)-Volume 134:Issue 2(2018)***See ESTAR for full holdings.
=852  41$aBritish Library$bHMNTS$jELD Digital store$3Volume 133:Issue 1(2017)-
=945  \\$aJournal d analyse mathematique
=959  \\$fHeld but not currently received
=979  \\$aBritish Library$bDSC$j4928.000000
=CAT  \\$a7174$b40$c20070618$lBLL01$h1112
=CAT  \\$aIPL-CLA$c20150630$lBLL01$h1655
=CAT  \\$aBATCH-UPD$b00$c20150820$lBLL01$h1838
=CAT  \\$a11316$b40$c20150922$lBLL01$h1141
=CAT  \\$aIPL-CLA$c20150930$lBLL01$h1818
=CAT  \\$aBATCH-UPD$b00$c20160217$lBLL01$h1728
=CAT  \\$aIPL-CLA$c20160331$lBLL01$h1740
=CAT  \\$aBATCH-UPD$b00$c20160524$lBLL01$h2211
=CAT  \\$aBATCH-UPD$b00$c20160525$lBLL01$h0028
=CAT  \\$aBATCH-UPD$b00$c20160824$lBLL01$h1755
=CAT  \\$aIPL-CLA$c20160930$lBLL01$h1613
=CAT  \\$aBATCH-UPD$b00$c20170216$lBLL01$h1843
=CAT  \\$aIPL-CLA$c20170331$lBLL01$h1852
=CAT  \\$aBATCH-UPD$b00$c20170904$lBLL01$h1852
=CAT  \\$aIPL-CLA$c20170929$lBLL01$h1738
=CAT  \\$aBATCH-UPD$b00$c20180223$lBLL01$h1722
=CAT  \\$aIPL-CLA$c20180331$lBLL01$h1629
=CAT  \\$aW1805-0475$c20180520$lBLL01$h1632
=CAT  \\$aBATCH-UPD$b00$c20180524$lBLL01$h1714
=CAT  \\$aIPL-CLA$c20180630$lBLL01$h1922
=CAT  \\$aW1908-0780$b00$c20200730$lBLL01$h1331
=CAT  \\$a15190$b40$c20210106$lBLL01$h1609
=CAT  \\$aCDS21$c20220118$lBLL01$h1105
=CAT  \\$aBATCH-UPD$b00$c20221121$lBLL01$h1402
=CAT  \\$aIPL-CLA$c20221231$lBLL01$h1448
=CAT  \\$a5410$b40$c20230314$lBLL01$h1440
=CFI  0\$aCurrent copyright fee: GBP29.95$c22\1$e01-jan-2023$fGBP29.95$g0$hP$5Uk
=CFI  2\$aPrevious copyright fee: GBP34.00$c22\1$e01-jul-2018$fGBP34.00$g0$hP$5Uk
=EST  \\$a1
=FFP  \\$aY$bBLDSS-3PM
=FIN  \\$aY$d20150922
=LKR  \\$aPAR$b010487895$lBLL01$r776$mJournal d'analyse mathematique (Online)$nJournal d'analyse mathématique (Jerusalem) (Print)
=MNI  \\$a0021-7670
=SID  \\$aZ39$bOCLC
=TCO  \\$aDEU$bVG WORT$c008
=TCO  \\$aXXX$c008
=TOC  \\$aETOC
=UNO  \\$aY
=ACF  \\$aPrevious copyright fee: GBP21.25$c22\3$e01-jan-2009$fGBP21.25$g0$hP$5Uk
=ACF  \\$aPrevious Copyright Fee: GBP16.75$c22\3$e18-jun-2007$fGBP16.75$g0$hP$5Uk
=ACF  \\$aPrevious copyright fee: GBP22.00$c22\3$e01-apr-2009$fGBP22.00$g0$hP$5Uk
=ACF  \\$aPrevious copyright fee: GBP22.00$c22\3$e12-aug-2012$fGBP22.00$g0$hP$5Uk
=ACF  \\$aPrevious copyright fee: GBP25.00$c22\3$e01-jan-2013$fGBP25.00$g0$hP$5Uk
=ACF  \\$aPrevious copyright fee: GBP25.77$c22\3$e01-jul-2013$fGBP25.77$g0$hP$5Uk
=ACF  \\$aPrevious copyright fee: GBP24.97$c22\3$e01-jan-2014$fGBP24.97$g0$hP$5Uk
=ACF  \\$aPrevious copyright fee: GBP24.21$c22\3$e01-jul-2014$fGBP24.21$g0$hP$5Uk
=ACF  \\$aPrevious copyright fee: GBP25.77$c22\3$e01-apr-2015$fGBP25.77$g0$hP$5Uk
=ACF  \\$aPrevious copyright fee: GBP26.63$c22\3$e01-jul-2015$fGBP26.63$g0$hP$5Uk
=ACF  \\$aPrevious copyright fee: GBP25.77$c22\3$e01-oct-2015$fGBP25.77$g0$hP$5Uk
=ACF  \\$aPrevious copyright fee: GBP27.55$c22\3$e01-apr-2016$fGBP27.55$g0$hP$5Uk
=ACF  \\$aPrevious copyright fee: GBP29.59$c22\3$e01-oct-2016$fGBP29.59$g0$hP$5Uk
=ACF  \\$aPrevious copyright fee: GBP31.96$c22\3$e01-apr-2017$fGBP31.96$g0$hP$5Uk
=ACF  \\$aPrevious copyright fee: GBP30.73$c22\3$e01-oct-2017$fGBP30.73$g0$hP$5Uk
=ACF  \\$aPrevious copyright fee: GBP28.54$c22\3$e01-apr-2018$fGBP28.54$g0$hP$5Uk
=LAS  \\$a5410$b40$c20230314$lBLL01$h1440

