=LDR  04170cas a22010218a 4500
=001  015293227
=003  Uk
=005  20221231145003.0
=006  m\\\\\\\\d\|\\\\\\
=007  cr||||||||||||
=008  090617c20109999enkqr\p\s\\\\\0\\\a0eng\\
=FMT  \\$a  SE
=015  \\$aGBB0E6733$2bnb
=022  0\$a2041-417X$202
=037  \\$a???$bSpringer
=040  \\$aUk$beng$cUk
=042  \\$aukblsr$aissnuk
=082  04$a332.152$222
=130  0\$aIMF economic review (Online)
=222  \0$aIMF economic review$b(Online)
=245  10$aIMF economic review$h[electronic resource].
=260  \\$a[Basingstoke] :$bPalgrave Macmillan,$c2010-
=310  \\$aQuarterly
=336  \\$atext$2rdacontent
=337  \\$acomputer$2rdamedia
=338  \\$aonline resource$2rdacarrier
=362  0\$aVol. 58, no. 1 (Aug. 2010)-
=530  \\$aAlso issued in print.
=580  \\$aIncludes issues of earlier title: IMF staff papers.
=500  \\$aDescription based on: Vol. 58, no. 1 (Aug. 2010). Title from contents screen (Palgrave Macmillan, viewed Dec. 9, 2010).
=540  \\$aCurrent copyright fee: GBP29.95$c22\1$5Uk
=650  \0$aForeign exchange$vPeriodicals.
=650  \0$aCommerce$vPeriodicals.
=650  \0$aCurrency question$vPeriodicals.
=650  \0$aInternational finance$vPeriodicals.
=650  \0$aInternational economic relations$vPeriodicals.
=690  7\$aManagement and Business Studies$2blcoll
=776  0\$tIMF economic review$x2041-4161
=780  10$tIMF staff papers$x1564-5150
=856  \\$31850-9999$uhttp://www.palgrave.com/home/index.asp$xBLDSS
=856  40$uhttp://www.springer.com/economics/journal/41308
=859  \\$aELD$bejournal
=859  \\$aXLD$bejournal
=852  41$aBritish Library$bDSC$j4369.262480$3Volume 58:Issue 1(2010)-Volume 59:Issue 4(2011)***See ESTAR for full holdings.
=852  41$aBritish Library$bHMNTS$jELD Digital store$3Volume 64:Issues 4(2016)-***Previous issues available in print copy
=945  \\$aIMF economic review
=959  \\$fHeld but not currently received
=CAT  \\$a10806$b40$c20090617$lBLL01$h1124
=CAT  \\$a10806$b40$c20090617$lBLL01$h1129
=CAT  \\$a12500$b40$c20100930$lBLL01$h1454
=CAT  \\$a12500$b40$c20100930$lBLL01$h1533
=CAT  \\$a12500$b40$c20101006$lBLL01$h0944
=CAT  \\$a5997$b40$c20101208$lBLL01$h0940
=CAT  \\$a5997$b40$c20101208$lBLL01$h0945
=CAT  \\$aBATCH-MBS$c20101217$lBLL01$h2052
=CAT  \\$a5552$b40$c20110216$lBLL01$h1029
=CAT  \\$aCDS12-UPD$b40$c20111212$lBLL01$h1842
=CAT  \\$aBLDSS-3PM$b00$c20160620$lBLL01$h1456
=CAT  \\$aBATCH-UPD$b00$c20160620$lBLL01$h1458
=CAT  \\$aBATCH-UPD$b00$c20171121$lBLL01$h1713
=CAT  \\$a10806$b40$c20171124$lBLL01$h1538
=CAT  \\$aIPL-CLA$c20171231$lBLL01$h1753
=CAT  \\$a14412$b40$c20180118$lBLL01$h1215
=CAT  \\$aBATCH-UPD$b40$c20180223$lBLL01$h1820
=CAT  \\$aIPL-CLA$c20180331$lBLL01$h1643
=CAT  \\$aBATCH-UPD$b00$c20180524$lBLL01$h1739
=CAT  \\$aIPL-CLA$c20180630$lBLL01$h1928
=CAT  \\$aBATCH-UPD$b00$c20180704$lBLL01$h0023
=CAT  \\$aW1908-0780$b00$c20200730$lBLL01$h1332
=CAT  \\$aCDS21$c20220118$lBLL01$h1105
=CAT  \\$aBATCH-UPD$b00$c20221121$lBLL01$h1404
=CAT  \\$aIPL-CLA$c20221231$lBLL01$h1450
=CFI  0\$aCurrent copyright fee: GBP29.95$c22\1$e01-jan-2023$fGBP29.95$g0$hP$5Uk
=CFI  2\$aPrevious copyright fee: GBP34.00$c22\1$e01-jul-2018$fGBP34.00$g0$hP$5Uk
=EST  \\$a1
=FFP  \\$aY$bBLDSS-3PM
=FIN  \\$aY$d20101208
=LET  \0$aIMF economic review (Online)
=LKR  \\$aPAR$b014625548$lBLL01$nIMF staff papers (Online)$mIMF economic review (Online)$r78000
=MNI  \\$a2041-4161
=TCO  \\$aCLA$bCLA$c008
=TOC  \\$aETOC
=UNO  \\$aY
=ACF  \\$aCurrent copyright fee: GBP17.50$c39\0$e30-sep-2010$fGBP17.00$g0$hP$5Uk
=ACF  \\$aPrevious copyright fee: GBP22.00$c39\0$e16-feb-2011$fGBP22.00$g0$hP$5Uk
=ACF  \\$aPrevious copyright fee: GBP30.74$c39\0$e01-jan-2018$fGBP30.74$g0$hP$5Uk
=ACF  \\$aPrevious copyright fee: GBP28.54$c39\0$e01-apr-2018$fGBP28.54$g0$hP$5Uk
=LAS  \\$aIPL-CLA$b00$c20221231$lBLL01$h1450

