=LDR  05120cas a2201165 a 4500
=001  015788994
=003  Uk
=005  20230511163025.0
=006  m\\\\\\\\d\\\\\\\\
=007  cr||||||||||||
=008  070301c20009999gw\qr\pss\\\\\0\\\\0eng\d
=FMT  \\$a  SE
=022  \\$a1869-2044$l1590-4261
=035  \\$a(OCoLC)85485417
=037  \\$a???$bSpringer
=040  \\$aOCLCS$beng$cOCLCS$dOCLCS$dCIT$dOCLCQ$dUk
=042  \\$aukblsr
=050  \4$aQR1
=060  \4$aW1$bAN495
=082  04$a579.05$222
=130  0\$aAnnals of microbiology (Online)
=222  \0$aAnnals of microbiology$b(Internet)
=245  10$aAnnals of microbiology$h[electronic resource].
=260  \\$aMilano, Italy :$bUniversity of Milan, Dept. of Food Science and Microbiology
=260  3\$32010-$aBerlin ;$aHeidelberg :$bSpringer
=310  \\$aQuarterly
=321  \\$aTwo no. a year
=336  \\$atext$2rdacontent
=337  \\$acomputer$2rdamedia
=338  \\$aonline resource$2rdacarrier
=362  1\$aBegan with: v. 50, no. 1 (2000).
=588  \\$aDescription based on: Vol. 56, no. 1 (Mar. 2006); title from journal home page (SpringerLink, Jan. 12, 2010).
=588  \\$aLatest issue consulted: Vol. 61, no. 1 (Mar. 2011) (viewed Apr. 14, 2011).
=540  \\$aCurrent copyright fee: zero$c22\1$5Uk
=650  \0$aMicrobiology$vPeriodicals.
=650  \0$aIndustrial microbiology$vPeriodicals.
=710  2\$aUniversità di Milano.$bDipartimento di scienze e tecnologie alimentari e microbiologiche.
=776  0\$tAnnals of microbiology$x1590-4261
=780  00$tAnnali di microbiologia ed enzimologia
=859  \\$aELD$bejournal
=856  \\$31850-9999$uhttp://www.springer.com/gb/$xBLDSS
=856  40$uhttp://www.annmicro.unimi.it/
=856  40$uhttp://www.springerlink.com/content/121707/
=859  \\$aXLD$bejournal
=852  41$aBritish Library$bDSC$j1043.131500$3Volume 59:Issue 1(2009)-Volume 68:Issue 3(2018)***See ESTAR for full holdings.
=852  41$aBritish Library$bHMNTS$jELD Digital store$3Volume 68:Issue 1(2018)-
=945  \\$aAnnals of microbiology
=959  \\$fHeld but not currently received
=979  \\$aBritish Library$bDSC$j1043.131500
=CAT  \\$a6811$b40$c20110412$lBLL01$h1039
=CAT  \\$aBATCH-UPD$b00$c20150520$lBLL01$h1751
=CAT  \\$aIPL-CLA$c20150630$lBLL01$h1714
=CAT  \\$aBATCH-UPD$b00$c20150820$lBLL01$h1839
=CAT  \\$aIPL-CLA$c20150930$lBLL01$h1841
=CAT  \\$aBATCH-UPD$b00$c20160217$lBLL01$h1729
=CAT  \\$aIPL-CLA$c20160331$lBLL01$h1803
=CAT  \\$aBATCH-UPD$b00$c20160524$lBLL01$h2214
=CAT  \\$aBATCH-UPD$b00$c20160525$lBLL01$h0052
=CAT  \\$aBATCH-UPD$b00$c20160824$lBLL01$h1756
=CAT  \\$aIPL-CLA$c20160930$lBLL01$h1632
=CAT  \\$aBATCH-UPD$b00$c20170216$lBLL01$h1845
=CAT  \\$aIPL-CLA$c20170331$lBLL01$h1909
=CAT  \\$aBATCH-UPD$b00$c20170904$lBLL01$h1854
=CAT  \\$aIPL-CLA$c20170929$lBLL01$h1756
=CAT  \\$aBATCH-UPD$b00$c20180223$lBLL01$h1726
=CAT  \\$aIPL-CLA$c20180331$lBLL01$h1654
=CAT  \\$aW1805-0475$c20180520$lBLL01$h1632
=CAT  \\$aBATCH-UPD$b00$c20180524$lBLL01$h1715
=CAT  \\$aIPL-CLA$c20180630$lBLL01$h1933
=CAT  \\$aW1908-0780$b00$c20200730$lBLL01$h1332
=CAT  \\$a6811$b40$c20200803$lBLL01$h1223
=CAT  \\$a15190$b40$c20201001$lBLL01$h1049
=CAT  \\$a5552$b40$c20210615$lBLL01$h0841
=CAT  \\$a5410$b40$c20230505$lBLL01$h1141
=CAT  \\$aBATCH-FIX$c20230511$lBLL01$h1630
=CFI  0\$aCurrent copyright fee: zero$c22\1$e15-jun-2021$fGBP0.00$g0$hP$5Uk
=CFI  2\$aPrevious copyright fee: GBP34.00$c22\1$e01-jul-2018$fGBP34.00$g0$hP$5Uk
=EST  \\$a1
=FFP  \\$aY$bBLDSS-3PM
=FIN  \\$aY$d20110414
=MNI  \\$a1590-4261
=SID  \\$aZ39$bOCLC
=TCO  \\$aDEU$bVG WORT$c008
=TOC  \\$aETOC
=UNO  \\$aY
=ACF  \\$aPrevious copyright fee: GBP28.54$c22\3$e01-apr-2018$fGBP28.54$g0$hP$5Uk
=ACF  \\$aPrevious copyright fee: GBP22.00$c22\3$e12-apr-2011$fGBP22.00$g0$hP$5Uk
=ACF  \\$aPrevious copyright fee: GBP22.00$c22\3$e12-aug-2012$fGBP22.00$g0$hP$5Uk
=ACF  \\$aPrevious copyright fee: GBP25.00$c22\3$e01-jan-2013$fGBP25.00$g0$hP$5Uk
=ACF  \\$aPrevious copyright fee: GBP25.77$c22\3$e01-jul-2013$fGBP25.77$g0$hP$5Uk
=ACF  \\$aPrevious copyright fee: GBP24.97$c22\3$e01-jan-2014$fGBP24.97$g0$hP$5Uk
=ACF  \\$aPrevious copyright fee: GBP24.21$c22\3$e01-jul-2014$fGBP24.21$g0$hP$5Uk
=ACF  \\$aPrevious copyright fee: GBP25.77$c22\3$e01-apr-2015$fGBP25.77$g0$hP$5Uk
=ACF  \\$aPrevious copyright fee: GBP26.63$c22\3$e01-jul-2015$fGBP26.63$g0$hP$5Uk
=ACF  \\$aPrevious copyright fee: GBP25.77$c22\3$e01-oct-2015$fGBP25.77$g0$hP$5Uk
=ACF  \\$aPrevious copyright fee: GBP27.55$c22\3$e01-apr-2016$fGBP27.55$g0$hP$5Uk
=ACF  \\$aPrevious copyright fee: GBP29.59$c22\3$e01-oct-2016$fGBP29.59$g0$hP$5Uk
=ACF  \\$aPrevious copyright fee: GBP31.96$c22\3$e01-apr-2017$fGBP31.96$g0$hP$5Uk
=ACF  \\$aPrevious copyright fee: GBP30.73$c22\3$e01-oct-2017$fGBP30.73$g0$hP$5Uk
=LAS  \\$aBATCH-FIX$b00$c20230511$lBLL01$h1630

