=LDR  05118cas a2201141 a 4500
=001  015792811
=003  Uk
=005  20230409121650.0
=006  m\\\\\\\\d\\\\\\\\
=007  cr\|||||||||||
=008  110224c20119999ne\br\p\o\\\\\0\\\a0eng\d
=FMT  \\$a  SE
=016  7\$a2601204-2$2DE-600
=022  0\$a2210-7711
=035  \\$a(OCoLC)703602448
=037  \\$a???$bSpringer
=040  \\$aOH1$cOH1$dHEBIS$dUk
=042  \\$aukblsr
=082  04$a615.105$222
=222  \0$aInternational journal of clinical pharmacy$b(Online)
=245  00$aInternational journal of clinical pharmacy$h[electronic resource].
=260  \\$a[Dordrecht] :$bSpringer,$c2011-
=310  \\$aSix issues a year
=336  \\$atext$2rdacontent
=337  \\$acomputer$2rdamedia
=338  \\$aonline resource$2rdacarrier
=362  1\$aBegan with vol. 33, issue 1 (Feb. 2011).
=538  \\$aMode of access: World Wide Web.
=588  \\$aDescription based on: Vol. 33, issue 1 (Feb. 2011); title from journal home page (publisher's web site, viewed Feb. 23, 2011).
=588  \\$aLatest issue consulted: vol. 33, no. 2 (Apr. 2011) (SpringerLink, viewed 5 May, 2011).
=540  \\$aCurrent copyright fee: GBP34.95$c22\1$5Uk
=650  \0$aPharmacy$vPeriodicals.
=650  \0$aDrugs$vPeriodicals.
=650  \0$aClinical pharmacology$vPeriodicals.
=776  08$iAlso issued in print as:$tInternational journal of clinical pharmacy$x2210-7703
=780  00$tPharmacy world & science$x1573-739X
=859  \\$aELD$bejournal
=856  \\$31850-9999$uhttp://www.springer.com/gb/$xBLDSS
=856  40$uhttp://www.springerlink.com/content/2210-7703
=859  \\$aXLD$bejournal
=852  41$aBritish Library$bDSC$j4542.172100$3Volume 32:Issue 6(2010)-Volume 40:Issue 1(2018)***See ESTAR for full holdings.
=852  41$aBritish Library$bSTI$jELD Digital store$3Volume 40:Issue 1(2018)-
=945  \\$aInternational journal of clinical pharmacy
=959  \\$fHeld but not currently received
=979  \\$aBritish Library$bDSC$j4542.172100
=985  \\$aCONFERENCE ANALYTIC RECORDS EXIST
=CAT  \\$a9599$b40$c20110418$lBLL01$h0926
=CAT  \\$aBATCH-UPD$b00$c20150820$lBLL01$h1839
=CAT  \\$aIPL-CLA$c20150930$lBLL01$h1841
=CAT  \\$aBATCH-UPD$b00$c20160217$lBLL01$h1730
=CAT  \\$aIPL-CLA$c20160331$lBLL01$h1804
=CAT  \\$aBATCH-UPD$b00$c20160524$lBLL01$h2214
=CAT  \\$aBATCH-UPD$b00$c20160525$lBLL01$h0052
=CAT  \\$aBATCH-UPD$b00$c20160824$lBLL01$h1756
=CAT  \\$aIPL-CLA$c20160930$lBLL01$h1632
=CAT  \\$aBATCH-UPD$b00$c20170216$lBLL01$h1845
=CAT  \\$aIPL-CLA$c20170331$lBLL01$h1910
=CAT  \\$aBATCH-UPD$b00$c20170904$lBLL01$h1854
=CAT  \\$aIPL-CLA$c20170929$lBLL01$h1756
=CAT  \\$aBATCH-UPD$b00$c20180223$lBLL01$h1726
=CAT  \\$aIPL-CLA$c20180331$lBLL01$h1654
=CAT  \\$aW1805-0475$c20180520$lBLL01$h1632
=CAT  \\$aBATCH-UPD$b00$c20180524$lBLL01$h1715
=CAT  \\$aIPL-CLA$c20180630$lBLL01$h1933
=CAT  \\$a11450$b40$c20200116$lBLL01$h1348
=CAT  \\$aW1908-0780$b00$c20200730$lBLL01$h1332
=CAT  \\$a5552$b40$c20210813$lBLL01$h1149
=CAT  \\$aIPL-CLA$c20210930$lBLL01$h1528
=CAT  \\$aCDS21$c20220118$lBLL01$h1105
=CAT  \\$aBATCH-UPD$b00$c20221121$lBLL01$h1412
=CAT  \\$aIPL-CLA$c20221231$lBLL01$h1450
=CAT  \\$a5410$b40$c20230409$lBLL01$h1216
=CFI  0\$aCurrent copyright fee: GBP34.95$c22\1$e01-jan-2023$fGBP34.95$g0$hP$5Uk
=CFI  2\$aPrevious copyright fee: GBP43.00$c22\1$e01-oct-2021$fGBP43.00$g0$hP$5Uk
=EST  \\$a1
=FFP  \\$aY$bBLDSS-3PM
=FIN  \\$aY$d20110504
=MNI  \\$a2210-7703
=SID  \\$aZ39$bOCLC
=TCO  \\$aNLD$bSTICHTING REPRORECHT$c008
=TOC  \\$aETOC
=UNO  \\$aY
=ACF  \\$aPrevious copyright fee: GBP22.00$c22\3$e18-apr-2011$fGBP22.00$g0$hP$5Uk
=ACF  \\$aPrevious copyright fee: GBP22.00$c22\3$e12-aug-2012$fGBP22.00$g0$hP$5Uk
=ACF  \\$aPrevious copyright fee: GBP25.00$c22\3$e01-jan-2013$fGBP25.00$g0$hP$5Uk
=ACF  \\$aPrevious copyright fee: GBP25.77$c22\3$e01-jul-2013$fGBP25.77$g0$hP$5Uk
=ACF  \\$aPrevious copyright fee: GBP24.97$c22\3$e01-jan-2014$fGBP24.97$g0$hP$5Uk
=ACF  \\$aPrevious copyright fee: GBP24.21$c22\3$e01-jul-2014$fGBP24.21$g0$hP$5Uk
=ACF  \\$aPrevious copyright fee: GBP25.77$c22\3$e01-apr-2015$fGBP25.77$g0$hP$5Uk
=ACF  \\$aPrevious copyright fee: GBP26.63$c22\3$e01-jul-2015$fGBP26.63$g0$hP$5Uk
=ACF  \\$aPrevious copyright fee: GBP25.77$c22\3$e01-oct-2015$fGBP25.77$g0$hP$5Uk
=ACF  \\$aPrevious copyright fee: GBP27.55$c22\3$e01-apr-2016$fGBP27.55$g0$hP$5Uk
=ACF  \\$aPrevious copyright fee: GBP29.59$c22\3$e01-oct-2016$fGBP29.59$g0$hP$5Uk
=ACF  \\$aPrevious copyright fee: GBP31.96$c22\3$e01-apr-2017$fGBP31.96$g0$hP$5Uk
=ACF  \\$aPrevious copyright fee: GBP30.73$c22\3$e01-oct-2017$fGBP30.73$g0$hP$5Uk
=ACF  \\$aPrevious copyright fee: GBP28.54$c22\3$e01-apr-2018$fGBP28.54$g0$hP$5Uk
=ACF  \\$aPrevious copyright fee: GBP34.00$c22\1$e01-jul-2018$fGBP34.00$g0$hP$5Uk
=LAS  \\$a5410$b40$c20230409$lBLL01$h1216

