=LDR  04755cas a2201069 a 4500
=001  015801442
=003  Uk
=005  20230404205133.0
=006  m\\\\\\\\d\\\\\\\\
=007  cr\|||||||||||
=008  100419c20109999gw\uu\p\o\\\\\0\\\a0eng\d
=FMT  \\$a  SE
=022  \\$a1868-5145
=035  \\$a(OCoLC)607907375
=037  \\$a???$bSpringer
=040  \\$aCS1$beng$cCS1$dOCLCQ$dIWA$dUk
=042  \\$aukblsr
=082  04$a006.3$222
=245  00$aJournal of ambient intelligence and humanized computing$h[electronic resource].
=260  \\$a[Berlin] :$bSpringerLink
=336  \\$atext$2rdacontent
=337  \\$acomputer$2rdamedia
=338  \\$aonline resource$2rdacarrier
=362  0\$aVol. 1, no. 1 (Mar. 2010)-
=588  \\$aDescription based on: Vol. 1, no. 1 (Mar. 2010); title from table of contents page (SpringerLink, viewed May 17, 2011).
=540  \\$aCurrent copyright fee: GBP29.95$c22\1$5Uk
=650  \0$aAmbient intelligence$vPeriodicals.
=650  \0$aComputer networks$vPeriodicals.
=650  \0$aComputer software$vPeriodicals.
=655  \4$aElectronic journals$xSciences.
=655  \4$aElectronic journals$xComputer science.
=859  \\$aELD$bejournal
=856  \\$31850-9999$uhttp://www.springer.com/gb/$xBLDSS
=856  4\$uhttp://www.springerlink.com/content/1868-5137/1/1/
=856  40$uhttp://springerlink.metapress.com/openurl.asp?genre=journal&issn=1868-5137
=859  \\$aXLD$bejournal
=852  41$aBritish Library$bDSC$j4927.208000$3Volume 1:Issue 1(2010)-Volume 9:Issue 1(2018)***See ESTAR for full holdings.
=852  41$aBritish Library$bHMNTS$jELD Digital store$3Volume 9:Issue 2(2018)-
=945  \\$aJournal of ambient intelligence and humanized computing
=959  \\$fHeld but not currently received
=979  \\$aBritish Library$bDSC$j4927.208000
=CAT  \\$a12500$b40$c20110506$lBLL01$h1025
=CAT  \\$aIPL-CLA$c20150630$lBLL01$h1714
=CAT  \\$aBATCH-UPD$b00$c20150820$lBLL01$h1839
=CAT  \\$aIPL-CLA$c20150930$lBLL01$h1841
=CAT  \\$aBATCH-UPD$b00$c20160217$lBLL01$h1730
=CAT  \\$aIPL-CLA$c20160331$lBLL01$h1804
=CAT  \\$aBATCH-UPD$b00$c20160524$lBLL01$h2214
=CAT  \\$aBATCH-UPD$b00$c20160525$lBLL01$h0053
=CAT  \\$aBATCH-UPD$b00$c20160824$lBLL01$h1756
=CAT  \\$aIPL-CLA$c20160930$lBLL01$h1633
=CAT  \\$aBATCH-UPD$b00$c20170216$lBLL01$h1845
=CAT  \\$aIPL-CLA$c20170331$lBLL01$h1910
=CAT  \\$aBATCH-UPD$b00$c20170904$lBLL01$h1854
=CAT  \\$aIPL-CLA$c20170929$lBLL01$h1756
=CAT  \\$aBATCH-UPD$b00$c20180223$lBLL01$h1726
=CAT  \\$aIPL-CLA$c20180331$lBLL01$h1654
=CAT  \\$aW1805-0475$c20180520$lBLL01$h1632
=CAT  \\$aBATCH-UPD$b00$c20180524$lBLL01$h1715
=CAT  \\$aIPL-CLA$c20180630$lBLL01$h1933
=CAT  \\$aW1908-0780$b00$c20200730$lBLL01$h1332
=CAT  \\$a5552$b40$c20200819$lBLL01$h0748
=CAT  \\$a15190$b40$c20210114$lBLL01$h1627
=CAT  \\$aCDS21$c20220118$lBLL01$h1105
=CAT  \\$aBATCH-UPD$b00$c20221121$lBLL01$h1405
=CAT  \\$aIPL-CLA$c20221231$lBLL01$h1450
=CAT  \\$a5410$b40$c20230404$lBLL01$h2051
=CFI  0\$aCurrent copyright fee: GBP29.95$c22\1$e01-jan-2023$fGBP29.95$g0$hP$5Uk
=CFI  2\$aPrevious copyright fee: GBP34.00$c22\1$e01-jul-2018$fGBP34.00$g0$hP$5Uk
=EST  \\$a1
=FFP  \\$aY$bBLDSS-3PM
=FIN  \\$aY$d20110517
=MNI  \\$a1868-5137
=SID  \\$aZ39$bOCLC
=TCO  \\$aDEU$bVG WORT$c008
=TOC  \\$aETOC
=UNO  \\$aY
=ACF  \\$aPrevious copyright fee: GBP22.00$c22\3$e06-may-2011$fGBP22.00$g0$hP$5Uk
=ACF  \\$aPrevious copyright fee: GBP22.00$c22\3$e12-aug-2012$fGBP22.00$g0$hP$5Uk
=ACF  \\$aPrevious copyright fee: GBP25.00$c22\3$e01-jan-2013$fGBP25.00$g0$hP$5Uk
=ACF  \\$aPrevious copyright fee: GBP25.77$c22\3$e01-jul-2013$fGBP25.77$g0$hP$5Uk
=ACF  \\$aPrevious copyright fee: GBP24.97$c22\3$e01-jan-2014$fGBP24.97$g0$hP$5Uk
=ACF  \\$aPrevious copyright fee: GBP24.21$c22\3$e01-jul-2014$fGBP24.21$g0$hP$5Uk
=ACF  \\$aPrevious copyright fee: GBP25.77$c22\3$e01-apr-2015$fGBP25.77$g0$hP$5Uk
=ACF  \\$aPrevious copyright fee: GBP26.63$c22\3$e01-jul-2015$fGBP26.63$g0$hP$5Uk
=ACF  \\$aPrevious copyright fee: GBP25.77$c22\3$e01-oct-2015$fGBP25.77$g0$hP$5Uk
=ACF  \\$aPrevious copyright fee: GBP27.55$c22\3$e01-apr-2016$fGBP27.55$g0$hP$5Uk
=ACF  \\$aPrevious copyright fee: GBP29.59$c22\3$e01-oct-2016$fGBP29.59$g0$hP$5Uk
=ACF  \\$aPrevious copyright fee: GBP31.96$c22\3$e01-apr-2017$fGBP31.96$g0$hP$5Uk
=ACF  \\$aPrevious copyright fee: GBP30.73$c22\3$e01-oct-2017$fGBP30.73$g0$hP$5Uk
=ACF  \\$aPrevious copyright fee: GBP28.54$c22\3$e01-apr-2018$fGBP28.54$g0$hP$5Uk
=LAS  \\$a5410$b40$c20230404$lBLL01$h2051

