=LDR  05334cas a2201237 a 4500
=001  015968574
=003  Uk
=005  20230407144439.0
=006  m\\\\\o\\d\\\\\\\\
=007  cr\|||||||||||
=008  111017c20119999gw\\x\p\o\\\\\0\\\a0eng\d
=FMT  \\$a  SE
=016  \\$a015968574
=022  0\$a1868-5161$y1868-5153
=035  \\$a(OCoLC)757379437
=037  \\$a???$bSpringer
=040  \\$aCS1$beng$cCS1$dUKMGB$dOCLCQ$dUV0$dOCLCQ$dOCLCO$dOCLCQ$dW2U$dOCLCF$dBEDGE$dUk
=042  \\$aukblsr
=043  \\$aa-cc---$ae------
=050  \4$aK3
=082  04$a349.51$223
=222  \0$aChina-EU law journal$b(Internet)
=245  00$aChina-EU law journal$h[electronic resource].
=246  13$aCELJ
=260  \\$aHeidelberg :$bSpringer
=310  \\$aIrregular
=336  \\$atext$2rdacontent
=337  \\$acomputer$2rdamedia
=338  \\$aonline resource$2rdacarrier
=362  0\$aVol. 1, no. 1/2 (Nov. 2011)-
=520  \\$aThis journal brings together Chinese, European and international perspectives on legal developments. Its comparative and interdisciplinary coverage includes original research, reports and book reviews.
=588  \\$aDescription based on: Vol. 1, no. 1/2 (Nov. 2011); title from SpringerLink site (viewed Oct. 17, 2011).
=588  \\$aLatest issue consulted: volume 3, issue 1/2 (March 2014) (viewed May 27, 2014).
=540  \\$aCurrent copyright fee: GBP29.95$c22\1$5Uk
=650  \0$aLaw$zChina$vPeriodicals.
=650  \0$aLaw$zEurope$vPeriodicals.
=650  \7$aLaw.$2fast
=651  \7$aChina.$2fast
=651  \7$aEurope.$2fast
=650  \7$aPublications périodiques.$2eclas
=650  \7$aUE/CE Droit.$2eclas
=650  \7$aDroit.$2eclas
=651  \7$aChine.$2eclas
=655  \7$aPeriodicals.$2fast
=776  08$iPrint version:$tChina-EU law journal$x1868-5153
=859  \\$aELD$bejournal
=856  \\$31850-9999$uhttp://www.springer.com/gb/$xBLDSS
=856  40$uhttp://link.springer.com/journal/12689
=856  40$uhttp://www.springerlink.com/content/1868-5153/
=859  \\$aXLD$bejournal
=852  41$aBritish Library$bHMNTS$jELD Digital store$3Volume 6:Issue 1/2(2018)-
=852  41$aBritish Library$bDSC$j3180.142550$3Volume 1:Issue 1/2(2011)-Volume 5:Issue 3/4(2017)***See ESTAR for full holdings.
=945  \\$aChina EU law journal
=959  \\$fHeld but not currently received
=979  \\$aBritish Library$bDSC$j3180.142550
=CAT  \\$a8464$b40$c20111115$lBLL01$h1121
=CAT  \\$aIPL-CLA$c20150630$lBLL01$h1716
=CAT  \\$aBATCH-UPD$b00$c20150820$lBLL01$h2004
=CAT  \\$aIPL-CLA$c20150930$lBLL01$h1843
=CAT  \\$aBATCH-UPD$b00$c20160217$lBLL01$h1902
=CAT  \\$aIPL-CLA$c20160331$lBLL01$h1806
=CAT  \\$aBATCH-UPD$b00$c20160524$lBLL01$h2159
=CAT  \\$aBATCH-UPD$b00$c20160524$lBLL01$h2304
=CAT  \\$aBATCH-016$c20160608$lBLL01$h1431
=CAT  \\$aBATCH-UPD$b00$c20160824$lBLL01$h1923
=CAT  \\$aIPL-CLA$c20160930$lBLL01$h1635
=CAT  \\$aBATCH-UPD$b00$c20170216$lBLL01$h2011
=CAT  \\$aIPL-CLA$c20170331$lBLL01$h1912
=CAT  \\$aBATCH-UPD$b00$c20170904$lBLL01$h2043
=CAT  \\$aIPL-CLA$c20170929$lBLL01$h1758
=CAT  \\$aBATCH-UPD$b00$c20180223$lBLL01$h1941
=CAT  \\$aIPL-CLA$c20180331$lBLL01$h1657
=CAT  \\$aW1805-0475$c20180520$lBLL01$h1632
=CAT  \\$aBATCH-UPD$b00$c20180524$lBLL01$h1814
=CAT  \\$aIPL-CLA$c20180630$lBLL01$h1935
=CAT  \\$aW1908-0780$b00$c20200730$lBLL01$h1332
=CAT  \\$a15190$b40$c20201013$lBLL01$h1523
=CAT  \\$aCDS21$c20220118$lBLL01$h1105
=CAT  \\$aBATCH-UPD$b00$c20221121$lBLL01$h1405
=CAT  \\$aIPL-CLA$c20221231$lBLL01$h1451
=CAT  \\$a5410$b40$c20230407$lBLL01$h1444
=CFI  0\$aCurrent copyright fee: GBP29.95$c22\1$e01-jan-2023$fGBP29.95$g0$hP$5Uk
=CFI  2\$aPrevious copyright fee: GBP34.00$c22\1$e01-jul-2018$fGBP34.00$g0$hP$5Uk
=EST  \\$a1
=FFP  \\$aY$bBLDSS-3PM
=FIN  \\$aY$d20111214
=MNI  \\$a1868-5153
=SID  \\$aZ39$bOCLC
=TCO  \\$aDEU$bVG WORT$c008
=TOC  \\$aETOC
=UNO  \\$aY
=ACF  \\$aPrevious copyright fee: GBP22.00$c4\6$e15-nov-2011$fGBP22.00$g0$hP$5Uk
=ACF  \\$aPrevious copyright fee: GBP22.00$c4\6$e12-aug-2012$fGBP22.00$g0$hP$5Uk
=ACF  \\$aPrevious copyright fee: GBP25.00$c4\6$e01-jan-2013$fGBP25.00$g0$hP$5Uk
=ACF  \\$aPrevious copyright fee: GBP25.77$c4\6$e01-jul-2013$fGBP25.77$g0$hP$5Uk
=ACF  \\$aPrevious copyright fee: GBP24.97$c4\6$e01-jan-2014$fGBP24.97$g0$hP$5Uk
=ACF  \\$aPrevious copyright fee: GBP24.21$c4\6$e01-jul-2014$fGBP24.21$g0$hP$5Uk
=ACF  \\$aPrevious copyright fee: GBP25.77$c4\6$e01-apr-2015$fGBP25.77$g0$hP$5Uk
=ACF  \\$aPrevious copyright fee: GBP26.63$c4\6$e01-jul-2015$fGBP26.63$g0$hP$5Uk
=ACF  \\$aPrevious copyright fee: GBP25.77$c4\6$e01-oct-2015$fGBP25.77$g0$hP$5Uk
=ACF  \\$aPrevious copyright fee: GBP27.55$c4\6$e01-apr-2016$fGBP27.55$g0$hP$5Uk
=ACF  \\$aPrevious copyright fee: GBP29.59$c4\6$e01-oct-2016$fGBP29.59$g0$hP$5Uk
=ACF  \\$aPrevious copyright fee: GBP31.96$c4\6$e01-apr-2017$fGBP31.96$g0$hP$5Uk
=ACF  \\$aPrevious copyright fee: GBP30.73$c4\6$e01-oct-2017$fGBP30.73$g0$hP$5Uk
=ACF  \\$aPrevious copyright fee: GBP28.54$c4\6$e01-apr-2018$fGBP28.54$g0$hP$5Uk
=LAS  \\$a5410$b40$c20230407$lBLL01$h1444

