=LDR  06197cas a2201285 a 4500
=001  016017479
=003  Uk
=005  20230608163327.0
=006  m\\\\\\\\d\\\\\\\\
=007  cr\bnu||||||||
=008  010206c19999999enk\x\jso\\\\\0\\\a0eng\c
=FMT  \\$a  SE
=010  \\$a2005267655
=016  7\$a2012340-1$2DE-600
=022  0\$a1297-966X$l1286-4560$y1286-4560$202
=035  \\$a(OCoLC)45857894
=037  \\$a???$bSpringer
=040  \\$aBNG$beng$cBNG$dOCLCQ$dMUQ$dEEM$dOCLCQ$dHEBIS$dOCLCQ$dUk
=041  0\$aeng$afre
=042  \\$apcc$aissnuk
=050  14$aSD1
=082  04$a634.905$223
=130  0\$aAnnals of forest science (Online)
=210  0\$aAnn. for. sci.$b(Online)
=222  \0$aAnnals of forest science$b(Online)
=245  10$aAnnals of forest science$h[electronic resource].
=260  \\$a[Paris] :$bINRA ;$aLes Ulis, France :$bEDP Sciences
=260  2\$32011-$a[S.l.] :$bSpringer published in partnership with INRA
=264  31$32022-$a[London] :$bBMC (part of Springer Nature)
=336  \\$atext$2rdacontent
=337  \\$acomputer$2rdamedia
=338  \\$aonline resource$2rdacarrier
=362  1\$aPrint began with v. 56, no. 1 (Jan. 1999).
=520  \\$aFocuses on environmental factors (e.g., ecology, pedology, climatology), silviculture (dendrometry, growth laws, treatments), genetics and improvement, physiology (e.g., development, ecophysiology, nutrition, in vitro culture), forest damage (e.g., entomology, pathology, atmospheric pollution, fire, etc.), and wood quality (e.g., biological determinism, rheology, etc.).
=525  \\$aSpecial issues devoted to particular conferences issues as numbers of some volumes.
=530  \\$aAlso issued in print.
=546  \\$aEnglish and French; abstracts in English and French.
=588  \\$aDescription based on: Vol. 57, no. 1 (Jan. 2000); title from PDF caption (publisher's Web site, viewed Sept. 27, 2005).
=588  \\$aLatest issue consulted: volume 79 (2022) (BMC website, viewed June 2, 2023).
=540  \\$aCurrent copyright fee: GBP29.95$c22\1$5Uk
=650  \0$aForests and forestry$vPeriodicals.
=650  \6$aForêts$vPériodiques.
=710  2\$aInstitut national de la recherche agronomique (France),$eissuing body.
=776  1\$tAnnals of forest science$x1286-4560
=787  0\$tAnnals of forest science$c(Blog)$x2426-2951
=856  \\$31850-9999$uhttp://www.springer.com/gb/$xBLDSS
=856  40$uhttp://www.edpsciences.org/journal/index.cfm?edpsname=forest
=856  40$uhttp://www.springerlink.com/content/1286-4560/
=856  40$uhttps://annforsci.biomedcentral.com/
=859  \\$aXLD$bejournal
=859  \\$aELD$bejournal
=852  41$aBritish Library$bDSC$j1040.610000$3Volume 64:Issue 1(2007)-Volume 75:Issue 2(2018)***See ESTAR for full holdings.
=852  41$aBritish Library$bHMNTS$jELD Digital store$3Volume 74:Issue 4(2017)-
=945  \\$aAnnals of forest science
=959  \\$fHeld but not currently received
=979  \\$aBritish Library$bDSC$j1040.610000
=985  \\$aCONFERENCE ANALYTIC RECORDS EXIST
=985  \\$aISSN responsibility transferred from ISSN France to UK (02/06/23)
=CAT  \\$a12654$b40$c20120127$lBLL01$h1146
=CAT  \\$aBATCH-UPD$b00$c20150820$lBLL01$h1849
=CAT  \\$aIPL-CLA$c20150930$lBLL01$h1844
=CAT  \\$aBATCH-UPD$b00$c20160217$lBLL01$h1741
=CAT  \\$aIPL-CLA$c20160331$lBLL01$h1807
=CAT  \\$aBATCH-UPD$b00$c20160524$lBLL01$h2214
=CAT  \\$aBATCH-UPD$b00$c20160525$lBLL01$h0054
=CAT  \\$aBATCH-UPD$b00$c20160824$lBLL01$h1807
=CAT  \\$aIPL-CLA$c20160930$lBLL01$h1635
=CAT  \\$aBATCH-UPD$b00$c20170216$lBLL01$h1856
=CAT  \\$aIPL-CLA$c20170331$lBLL01$h1913
=CAT  \\$aBATCH-UPD$b00$c20170904$lBLL01$h1906
=CAT  \\$aIPL-CLA$c20170929$lBLL01$h1758
=CAT  \\$aBATCH-UPD$b00$c20180223$lBLL01$h1739
=CAT  \\$aIPL-CLA$c20180331$lBLL01$h1658
=CAT  \\$aW1805-0475$c20180520$lBLL01$h1632
=CAT  \\$aBATCH-UPD$b00$c20180524$lBLL01$h1725
=CAT  \\$aIPL-CLA$c20180630$lBLL01$h1935
=CAT  \\$aW1908-0780$b00$c20200730$lBLL01$h1332
=CAT  \\$a15190$b40$c20200928$lBLL01$h1650
=CAT  \\$aCDS21$c20220118$lBLL01$h1105
=CAT  \\$aBATCH-UPD$b00$c20221121$lBLL01$h1405
=CAT  \\$aIPL-CLA$c20221231$lBLL01$h1451
=CAT  \\$a5410$b40$c20230421$lBLL01$h2051
=CAT  \\$a10806$b40$c20230602$lBLL01$h0829
=CAT  \\$a10973$b40$c20230608$lBLL01$h1633
=CFI  0\$aCurrent copyright fee: GBP29.95$c22\1$e01-jan-2023$fGBP29.95$g0$hP$5Uk
=CFI  2\$aPrevious copyright fee: GBP34.00$c22\1$e01-jul-2018$fGBP34.00$g0$hP$5Uk
=EST  \\$a1
=FFP  \\$aY$bBLDSS-3PM
=FIN  \\$aY$d20120131
=LKR  \\$aPAR$b010844215$lBLL01$r776$mAnnals of forest science (Online)$nAnnals of forest science (Print)
=MNI  \\$a1286-4560
=SID  \\$aZ39$bOCLC
=TCO  \\$aFRA$bCFC$c008
=TOC  \\$aETOC
=UNO  \\$aY
=ACF  \\$aPrevious copyright fee: GBP22.00$c23\1$e27-jan-2012$fGBP22.00$g0$hP$5Uk
=ACF  \\$aPrevious copyright fee: GBP22.00$c23\1$e12-aug-2012$fGBP22.00$g0$hP$5Uk
=ACF  \\$aPrevious copyright fee: GBP25.00$c23\1$e01-jan-2013$fGBP25.00$g0$hP$5Uk
=ACF  \\$aPrevious copyright fee: GBP25.77$c23\1$e01-jul-2013$fGBP25.77$g0$hP$5Uk
=ACF  \\$aPrevious copyright fee: GBP24.97$c23\1$e01-jan-2014$fGBP24.97$g0$hP$5Uk
=ACF  \\$aPrevious copyright fee: GBP24.21$c23\1$e01-jul-2014$fGBP24.21$g0$hP$5Uk
=ACF  \\$aPrevious copyright fee: GBP25.77$c23\1$e01-apr-2015$fGBP25.77$g0$hP$5Uk
=ACF  \\$aPrevious copyright fee: GBP26.63$c23\1$e01-jul-2015$fGBP26.63$g0$hP$5Uk
=ACF  \\$aPrevious copyright fee: GBP25.77$c23\1$e01-oct-2015$fGBP25.77$g0$hP$5Uk
=ACF  \\$aPrevious copyright fee: GBP27.55$c23\1$e01-apr-2016$fGBP27.55$g0$hP$5Uk
=ACF  \\$aPrevious copyright fee: GBP29.59$c23\1$e01-oct-2016$fGBP29.59$g0$hP$5Uk
=ACF  \\$aPrevious copyright fee: GBP31.96$c23\1$e01-apr-2017$fGBP31.96$g0$hP$5Uk
=ACF  \\$aPrevious copyright fee: GBP30.73$c23\1$e01-oct-2017$fGBP30.73$g0$hP$5Uk
=ACF  \\$aPrevious copyright fee: GBP28.54$c23\1$e01-apr-2018$fGBP28.54$g0$hP$5Uk
=LAS  \\$a10973$b40$c20230608$lBLL01$h1633

