=LDR  05730cas a2201225 a 4500
=001  013835875
=003  Uk
=005  20230313135028.0
=006  m\\\\\\\\d\\\\\\\\
=007  cr||||||||||||
=008  021206c19849999ii\br\pso\\\\\0\\\a0eng\d
=FMT  \\$a  SE
=022  \\$a0973-7677
=035  \\$a(OCoLC)51171644$z(OCoLC)768140899
=037  \\$a???$bSpringer
=040  \\$aOUN$beng$cOUN$dOCLCQ$dEYM$dOCLCQ$dCUS$dBUF$dTXJ$dCIT$dOCLCQ$dVPI$dOCLCE$dUk
=042  \\$aukblsr
=050  \4$aQ73$b.I62
=082  04$a620.005$223
=130  0\$aSādhanā (Bangalore, India : Online)
=210  1\$aSadhana$b(Online)
=222  \0$aSadhana$b(Online)
=245  10$aSādhanā$h[electronic resource].
=246  13$aAcademy proceedings in engineering sciences
=246  3\$aProceedings. Engineering sciences
=260  \\$aBangalore :$bIndian Academy of Sciences
=260  2\$aBangalore :$bIndian Academy of Sciences ;$aBangalore :$bSpringer India [distributor]
=260  3\$aNew Delhi :$bSpringer India, in co-publication with Indian Academy of Sciences
=310  \\$aBimonthly
=336  \\$atext$2rdacontent
=337  \\$acomputer$2rdamedia
=338  \\$aonline resource$2rdacarrier
=362  1\$aBegan with v. 7, pt. 1 (June 1984).
=580  \\$aIncludes issues of earlier title: Proceedings of the Indian Academy of Sciences. Engineering Sciences.
=588  \\$aDescription based on: Vol. 22, no. 1 (Feb. 1997); title from journal home page (SpringerLink, Feb. 22, 2010).
=588  \\$aLatest issue consulted: Vol. 37, no. 1 (Feb. 2012) (viewed Apr. 25, 2012).
=540  \\$aCurrent copyright fee: GBP29.95$c22\1$5Uk
=650  \0$aEngineering$vPeriodicals.
=650  \0$aTechnology$vPeriodicals.
=710  2\$aIndian Academy of Sciences.
=776  08$iPrint version:$tSādhanā (Bangalore, India)$x0256-2499
=780  10$tProceedings of the Indian Academy of Sciences. Engineering Sciences (Online)
=859  \\$aELD$bejournal
=856  \\$31850-9999$uhttp://www.springer.com/gb/$xBLDSS
=856  40$uhttp://www.ias.ac.in/sadhana/
=856  40$uhttp://www.springerlink.com/content/120425/
=859  \\$aXLD$bejournal
=852  41$aBritish Library$bDSC$j8062.798000$3Volume 26:Issue 3(2001)-Volume 43:Issue 3(2018)***See ESTAR for full holdings.
=852  41$aBritish Library$bHMNTS$jELD Digital store$3Volume 42:Issue 12(2017)-
=945  \\$aSadhana -Bangalore-.
=959  \\$fHeld but not currently received
=979  \\$aBritish Library$bDSC$j8062.798000
=CAT  \\$a7174$b40$c20070906$lBLL01$h1132
=CAT  \\$aBATCH-UPD$b00$c20150520$lBLL01$h1750
=CAT  \\$aIPL-CLA$c20150630$lBLL01$h1656
=CAT  \\$aBATCH-UPD$b00$c20150820$lBLL01$h1838
=CAT  \\$aIPL-CLA$c20150930$lBLL01$h1819
=CAT  \\$aBATCH-UPD$b00$c20160217$lBLL01$h1728
=CAT  \\$aIPL-CLA$c20160331$lBLL01$h1742
=CAT  \\$aBATCH-UPD$b00$c20160524$lBLL01$h2211
=CAT  \\$aBATCH-UPD$b00$c20160525$lBLL01$h0029
=CAT  \\$aBATCH-UPD$b00$c20160824$lBLL01$h1755
=CAT  \\$aIPL-CLA$c20160930$lBLL01$h1614
=CAT  \\$aBATCH-UPD$b00$c20170216$lBLL01$h1844
=CAT  \\$aIPL-CLA$c20170331$lBLL01$h1853
=CAT  \\$aBATCH-UPD$b00$c20170904$lBLL01$h1852
=CAT  \\$aIPL-CLA$c20170929$lBLL01$h1739
=CAT  \\$aBATCH-UPD$b00$c20180223$lBLL01$h1722
=CAT  \\$aIPL-CLA$c20180331$lBLL01$h1630
=CAT  \\$aW1805-0475$c20180520$lBLL01$h1632
=CAT  \\$aBATCH-UPD$b00$c20180524$lBLL01$h1714
=CAT  \\$aIPL-CLA$c20180630$lBLL01$h1922
=CAT  \\$aW1908-0780$b00$c20200730$lBLL01$h1331
=CAT  \\$a15190$b40$c20210413$lBLL01$h0941
=CAT  \\$aCDS21$c20220118$lBLL01$h1105
=CAT  \\$aBATCH-UPD$b00$c20221121$lBLL01$h1402
=CAT  \\$aIPL-CLA$c20221231$lBLL01$h1448
=CAT  \\$a5410$b40$c20230313$lBLL01$h1350
=CFI  0\$aCurrent copyright fee: GBP29.95$c22\1$e01-jan-2023$fGBP29.95$g0$hP$5Uk
=CFI  2\$aPrevious copyright fee: GBP34.00$c22\1$e01-jul-2018$fGBP34.00$g0$hP$5Uk
=EST  \\$a1
=FFP  \\$aY$bBLDSS-3PM
=LKR  \\$aPAR$b009863892$lBLL01$r776$mSadhana [electronic resource].$nSādhanā : Academy proceedings in engineering sciences (Print).
=MNI  \\$a0256-2499
=SID  \\$aZ39$bOCLC
=TCO  \\$aXXX$c008
=TOC  \\$aETOC
=UNO  \\$aY
=ACF  \\$aPrevious copyright fee: GBP21.25$c22\3$e01-jan-2009$fGBP21.25$g0$hP$5Uk
=ACF  \\$aPrevious Copyright Fee: GBP16.75$c22\3$e06-sep-2007$fGBP16.75$g0$hP$5Uk
=ACF  \\$aPrevious copyright fee: GBP22.00$c22\3$e01-apr-2009$fGBP22.00$g0$hP$5Uk
=ACF  \\$aPrevious copyright fee: GBP22.00$c22\3$e12-aug-2012$fGBP22.00$g0$hP$5Uk
=ACF  \\$aPrevious copyright fee: GBP25.00$c22\3$e01-jan-2013$fGBP25.00$g0$hP$5Uk
=ACF  \\$aPrevious copyright fee: GBP25.77$c22\3$e01-jul-2013$fGBP25.77$g0$hP$5Uk
=ACF  \\$aPrevious copyright fee: GBP24.97$c22\3$e01-jan-2014$fGBP24.97$g0$hP$5Uk
=ACF  \\$aPrevious copyright fee: GBP24.21$c22\3$e01-jul-2014$fGBP24.21$g0$hP$5Uk
=ACF  \\$aPrevious copyright fee: GBP25.77$c22\3$e01-apr-2015$fGBP25.77$g0$hP$5Uk
=ACF  \\$aPrevious copyright fee: GBP26.63$c22\3$e01-jul-2015$fGBP26.63$g0$hP$5Uk
=ACF  \\$aPrevious copyright fee: GBP25.77$c22\3$e01-oct-2015$fGBP25.77$g0$hP$5Uk
=ACF  \\$aPrevious copyright fee: GBP27.55$c22\3$e01-apr-2016$fGBP27.55$g0$hP$5Uk
=ACF  \\$aPrevious copyright fee: GBP29.59$c22\3$e01-oct-2016$fGBP29.59$g0$hP$5Uk
=ACF  \\$aPrevious copyright fee: GBP31.96$c22\3$e01-apr-2017$fGBP31.96$g0$hP$5Uk
=ACF  \\$aPrevious copyright fee: GBP30.73$c22\3$e01-oct-2017$fGBP30.73$g0$hP$5Uk
=ACF  \\$aPrevious copyright fee: GBP28.54$c22\3$e01-apr-2018$fGBP28.54$g0$hP$5Uk
=LAS  \\$a5410$b40$c20230313$lBLL01$h1350

