=LDR  05876cas a2201297 a 4500
=001  014237238
=003  Uk
=005  20230320134712.0
=006  m\\\\\o\\d\\\\\\\\
=007  cr\mnu||||||||
=008  040127c19959999ne\qr\pso\\\\\0\\\a0eng\c
=FMT  \\$a  SE
=010  \\$a  2004252557
=016  7\$a022079165$2DE-101
=016  7\$a2053395-0$2DE-600
=022  \\$a1874-7841
=035  \\$a(OCoLC)54089909$z(OCoLC)177657202$z(OCoLC)427569666
=037  \\$a???$bSpringer
=040  \\$aPRC$beng$cPRC$dGZM$dEYM$dOCLCQ$dWAU$dZCU$dMUQ$dWAU$dEYM$dOCLCQ$dGBVCP$dOCLCQ$dOCLCF$dUk
=042  \\$aukblsr
=050  14$aGC1080$b.J68
=082  04$a627.58$223
=130  0\$aJournal of coastal conservation (Online)
=222  \0$aJournal of coastal conservation$b(Online)
=245  10$aJournal of coastal conservation$h[electronic resource].
=260  \\$aUppsala, Sweden :$bOpulus Press AB,$c1995-
=264  31$32007-$aDordrecht :$bSpringer Netherlands
=310  \\$aQuarterly,$b2007-
=321  \\$aSemiannual,$b1995-2002
=321  \\$aAnnual,$b2003-2004
=336  \\$atext$2rdacontent
=337  \\$acomputer$2rdamedia
=338  \\$aonline resource$2rdacarrier
=362  0\$aVol. 1, no. 1 (1995)-
=500  \\$a"Official scientific organ of the European Union for Coastal Conservation."
=500  \\$aTitle from cover (JSTOR, viewed Feb. 24, 2009).
=515  \\$aPublication suspended, 2005-2006.
=538  \\$aMode of access: World Wide Web.
=588  \\$aLatest issue consulted: volume 18, issue 5 (October 2014) (SpringerLink, viewed October 3, 2014).
=540  \\$aCurrent copyright fee: GBP29.95$c22\1$5Uk
=650  \0$aCoastal zone management$vPeriodicals.
=650  \0$aCoastal ecology$vPeriodicals.
=650  \0$aShore protection$vPeriodicals.
=710  2\$aEuropean Union for Coastal Conservation.
=776  08$iPrint version:$tJournal of coastal conservation$x1400-0350
=859  \\$aELD$bejournal
=856  \\$31850-9999$uhttp://www.springer.com/gb/$xBLDSS
=856  40$uhttp://www.bioone.org/bioone/?request=get-journals-list&issn=1400-0350
=856  40$uhttp://www.jstor.org/journals/14000350.html
=856  40$uhttp://www.springerlink.com/content/120577/
=859  \\$aXLD$bejournal
=852  41$aBritish Library$bDSC$j4958.793500$3Volume 3:Issue 1(1997)-Volume 22:Issue 1(2018)***See ESTAR for full holdings.
=852  41$aBritish Library$bHMNTS$jELD Digital store$3Volume 22:Issue 2(2018)-
=945  \\$aJournal of coastal conservation
=959  \\$fHeld but not currently received
=979  \\$aBritish Library$bDSC$j4958.793500
=CAT  \\$a7174$b40$c20071101$lBLL01$h0924
=CAT  \\$aBATCH-UPD$b00$c20150520$lBLL01$h1750
=CAT  \\$aIPL-CLA$c20150630$lBLL01$h1658
=CAT  \\$aBATCH-UPD$b00$c20150820$lBLL01$h1838
=CAT  \\$aIPL-CLA$c20150930$lBLL01$h1823
=CAT  \\$aBATCH-UPD$b00$c20160217$lBLL01$h1728
=CAT  \\$aIPL-CLA$c20160331$lBLL01$h1745
=CAT  \\$aBATCH-UPD$b00$c20160524$lBLL01$h2212
=CAT  \\$aBATCH-UPD$b00$c20160525$lBLL01$h0031
=CAT  \\$aBATCH-UPD$b00$c20160824$lBLL01$h1755
=CAT  \\$aIPL-CLA$c20160930$lBLL01$h1617
=CAT  \\$aBATCH-UPD$b00$c20170216$lBLL01$h1844
=CAT  \\$aIPL-CLA$c20170331$lBLL01$h1855
=CAT  \\$aBATCH-UPD$b00$c20170904$lBLL01$h1852
=CAT  \\$aIPL-CLA$c20170929$lBLL01$h1741
=CAT  \\$aBATCH-UPD$b00$c20180223$lBLL01$h1723
=CAT  \\$aIPL-CLA$c20180331$lBLL01$h1633
=CAT  \\$aW1805-0475$c20180520$lBLL01$h1632
=CAT  \\$aBATCH-UPD$b00$c20180524$lBLL01$h1714
=CAT  \\$aIPL-CLA$c20180630$lBLL01$h1924
=CAT  \\$aW1908-0780$b00$c20200730$lBLL01$h1331
=CAT  \\$a15190$b40$c20210212$lBLL01$h1006
=CAT  \\$aCDS21$c20220118$lBLL01$h1105
=CAT  \\$aBATCH-UPD$b00$c20221121$lBLL01$h1402
=CAT  \\$aIPL-CLA$c20221231$lBLL01$h1448
=CAT  \\$a5410$b40$c20230320$lBLL01$h1347
=CFI  0\$aCurrent copyright fee: GBP29.95$c22\1$e01-jan-2023$fGBP29.95$g0$hP$5Uk
=CFI  2\$aPrevious copyright fee: GBP34.00$c22\1$e01-jul-2018$fGBP34.00$g0$hP$5Uk
=EST  \\$a1
=FFP  \\$aY$bBLDSS-3PM
=FIN  \\$aY$d20141003
=LKR  \\$aPAR$b010488681$lBLL01$r776$mJournal of coastal conservation (Online)$nJournal of coastal conservatio (Print)
=MNI  \\$a1400-0350
=SID  \\$aZ39$bOCLC
=TCO  \\$aNLD$bSTICHTING REPRORECHT$c008
=TCO  \\$aXXX$c008
=TOC  \\$aETOC
=UNO  \\$aY
=ACF  \\$aPrevious copyright fee: GBP21.25$c22\3$e01-jan-2009$fGBP21.25$g0$hP$5Uk
=ACF  \\$aPrevious Copyright Fee: GBP16.75$c22\3$e01-nov-2007$fGBP16.75$g0$hP$5Uk
=ACF  \\$aPrevious copyright fee: GBP22.00$c22\3$e01-apr-2009$fGBP22.00$g0$hP$5Uk
=ACF  \\$aPrevious copyright fee: GBP22.00$c22\3$e12-aug-2012$fGBP22.00$g0$hP$5Uk
=ACF  \\$aPrevious copyright fee: GBP25.00$c22\3$e01-jan-2013$fGBP25.00$g0$hP$5Uk
=ACF  \\$aPrevious copyright fee: GBP25.77$c22\3$e01-jul-2013$fGBP25.77$g0$hP$5Uk
=ACF  \\$aPrevious copyright fee: GBP24.97$c22\3$e01-jan-2014$fGBP24.97$g0$hP$5Uk
=ACF  \\$aPrevious copyright fee: GBP24.21$c22\3$e01-jul-2014$fGBP24.21$g0$hP$5Uk
=ACF  \\$aPrevious copyright fee: GBP25.77$c22\3$e01-apr-2015$fGBP25.77$g0$hP$5Uk
=ACF  \\$aPrevious copyright fee: GBP26.63$c22\3$e01-jul-2015$fGBP26.63$g0$hP$5Uk
=ACF  \\$aPrevious copyright fee: GBP25.77$c22\3$e01-oct-2015$fGBP25.77$g0$hP$5Uk
=ACF  \\$aPrevious copyright fee: GBP27.55$c22\3$e01-apr-2016$fGBP27.55$g0$hP$5Uk
=ACF  \\$aPrevious copyright fee: GBP29.59$c22\3$e01-oct-2016$fGBP29.59$g0$hP$5Uk
=ACF  \\$aPrevious copyright fee: GBP31.96$c22\3$e01-apr-2017$fGBP31.96$g0$hP$5Uk
=ACF  \\$aPrevious copyright fee: GBP30.73$c22\3$e01-oct-2017$fGBP30.73$g0$hP$5Uk
=ACF  \\$aPrevious copyright fee: GBP28.54$c22\3$e01-apr-2018$fGBP28.54$g0$hP$5Uk
=LAS  \\$a5410$b40$c20230320$lBLL01$h1347

