=LDR  05958cas a2201249 a 4500
=001  014488781
=003  Uk
=005  20230328150049.0
=006  m\\\\\o\\d\\\\\\\\
=007  cr\|||||||||||
=008  081209c20059999cc\br\pso\\\\\0\\\a0eng\d
=FMT  \\$a  SE
=022  \\$a1995-8218$l1995-8218$y1673-7067
=035  \\$a(OCoLC)277228688
=037  \\$a???$bSpringer
=040  \\$aCGU$beng$cCGU$dVPI$dOCLCQ$dOCLCA$dOCLCQ$dVRC$dCUS$dOCLCQ$dOCLCF$dUk
=043  \\$aa-cc---
=050  14$aRD321
=082  04$a616.8$223
=130  0\$aNeuroscience bulletin (Online)
=222  \0$aNeuroscience bulletin$b(Online)
=245  10$aNeuroscience bulletin$h[electronic resource].
=260  \\$aXiaohongshan, Wuahn, China :$bShanghai Institutes of Biological Sciences, Chinese Academy of Sciences, and Second Military Medical University ;$a[Heidelberg, Germany] :$bSpringer-Verlag
=310  \\$aBimonthly
=336  \\$atext$2rdacontent
=337  \\$acomputer$2rdamedia
=338  \\$aonline resource$2rdacarrier
=362  1\$aChinese language version began with: vol. 21, no. 1 (Jan. 2005).
=580  \\$aChinese language version preceded by: Zhongguo shen jing ke xue za zhi = Chinese journal of neuroscience, 1998-2004.
=588  \\$aDescription based on: Vol. 23, no. 1 (Jan. 2007); title from journal home page (SpringerLink Web site, viewed on Apr. 1, 2008).
=588  \\$aLatest issue consulted: volume 30, issue 5 (October 2014)(SpringerLink, viewed October 14, 2014).
=540  \\$aCurrent copyright fee: GBP34.95$c22\1$5Uk
=650  \0$aNeurosciences$zChina$vPeriodicals.
=650  \0$aNeurosciences$xResearch$zChina$vPeriodicals.
=650  \7$aNeurosciences.$2fast
=650  \7$aNeurosciences$xResearch.$2fast
=651  \7$aChina.$2fast
=655  \7$aPeriodicals.$2fast
=710  2\$aZhongguo ke xue yuan.$bShanghai sheng ming ke xue yan jiu yuan.
=710  2\$aSecond Military Medical University.
=775  08$iAlso issued in Chinese version:$tShen jing ke xue tong bao (Online)
=776  08$iPrint version:$tNeuroscience bulletin$x1673-7067
=859  \\$aELD$bejournal
=856  \\$31850-9999$uhttp://www.springer.com/gb/$xBLDSS
=856  40$uhttp://link.springer.com/journal/12264
=856  40$uhttp://www.springerlink.com/content/120900/
=859  \\$aXLD$bejournal
=852  41$aBritish Library$bDSC$j6081.561100$3Volume 23:Issue 1(2007)-Volume 34:Issue 2(2018)***See ESTAR for full holdings.
=852  41$aBritish Library$bHMNTS$jELD Digital store$3Volume 33:Issue 6(2017)-
=945  \\$aNeuroscience bulletin
=959  \\$fHeld but not currently received
=979  \\$aBritish Library$bDSC$j6081.561100
=CAT  \\$a7174$b40$c20080109$lBLL01$h1231
=CAT  \\$aBATCH-UPD$b00$c20150820$lBLL01$h1757
=CAT  \\$aIPL-CLA$c20150930$lBLL01$h1825
=CAT  \\$aBATCH-UPD$b00$c20160217$lBLL01$h1645
=CAT  \\$aIPL-CLA$c20160331$lBLL01$h1747
=CAT  \\$aBATCH-UPD$b00$c20160524$lBLL01$h2157
=CAT  \\$aBATCH-UPD$b00$c20160524$lBLL01$h2254
=CAT  \\$aBATCH-UPD$b00$c20160824$lBLL01$h1722
=CAT  \\$aIPL-CLA$c20160930$lBLL01$h1619
=CAT  \\$aBATCH-UPD$b00$c20170216$lBLL01$h1809
=CAT  \\$aIPL-CLA$c20170331$lBLL01$h1857
=CAT  \\$aBATCH-UPD$b00$c20170904$lBLL01$h1811
=CAT  \\$aIPL-CLA$c20170929$lBLL01$h1743
=CAT  \\$aBATCH-UPD$b00$c20180223$lBLL01$h1627
=CAT  \\$aIPL-CLA$c20180331$lBLL01$h1635
=CAT  \\$aW1805-0475$c20180520$lBLL01$h1632
=CAT  \\$aBATCH-UPD$b00$c20180524$lBLL01$h1659
=CAT  \\$aIPL-CLA$c20180630$lBLL01$h1925
=CAT  \\$aW1908-0780$b00$c20200730$lBLL01$h1331
=CAT  \\$a15190$b40$c20210323$lBLL01$h1145
=CAT  \\$a5552$b40$c20210824$lBLL01$h0844
=CAT  \\$aIPL-CLA$c20210930$lBLL01$h1528
=CAT  \\$aCDS21$c20220118$lBLL01$h1105
=CAT  \\$aBATCH-UPD$b00$c20221121$lBLL01$h1411
=CAT  \\$aIPL-CLA$c20221231$lBLL01$h1449
=CAT  \\$a5410$b40$c20230328$lBLL01$h1500
=CFI  0\$aCurrent copyright fee: GBP34.95$c22\1$e01-jan-2023$fGBP34.95$g0$hP$5Uk
=CFI  2\$aPrevious copyright fee: GBP43.00$c22\1$e01-oct-2021$fGBP43.00$g0$hP$5Uk
=EST  \\$a1
=FFP  \\$aY$bBLDSS-3PM
=FIN  \\$aY$d20141014
=LKR  \\$aPAR$b013712829$lBLL01$r776$mNeuroscience bulletin (Online)$nNeuroscience bulletin (Print).
=MNI  \\$a1673-7067
=SID  \\$aZ39$bOCLC
=TCO  \\$aZZZ$c008
=TOC  \\$aETOC
=UNO  \\$aY
=ACF  \\$aPrevious copyright fee: GBP21.25$c13\5$e01-jan-2009$fGBP21.25$g0$hP$5Uk
=ACF  \\$aPrevious Copyright Fee: GBP16.75$c13\5$e09-jan-2008$fGBP16.75$g0$hP$5Uk
=ACF  \\$aPrevious copyright fee: GBP22.00$c13\5$e01-apr-2009$fGBP22.00$g0$hP$5Uk
=ACF  \\$aPrevious copyright fee: GBP22.00$c13\5$e12-aug-2012$fGBP22.00$g0$hP$5Uk
=ACF  \\$aPrevious copyright fee: GBP25.00$c13\5$e01-jan-2013$fGBP25.00$g0$hP$5Uk
=ACF  \\$aPrevious copyright fee: GBP25.77$c13\5$e01-jul-2013$fGBP25.77$g0$hP$5Uk
=ACF  \\$aPrevious copyright fee: GBP24.97$c13\5$e01-jan-2014$fGBP24.97$g0$hP$5Uk
=ACF  \\$aPrevious copyright fee: GBP24.21$c13\5$e01-jul-2014$fGBP24.21$g0$hP$5Uk
=ACF  \\$aPrevious copyright fee: GBP25.77$c13\5$e01-apr-2015$fGBP25.77$g0$hP$5Uk
=ACF  \\$aPrevious copyright fee: GBP26.63$c13\5$e01-jul-2015$fGBP26.63$g0$hP$5Uk
=ACF  \\$aPrevious copyright fee: GBP25.77$c13\5$e01-oct-2015$fGBP25.77$g0$hP$5Uk
=ACF  \\$aPrevious copyright fee: GBP27.55$c13\5$e01-apr-2016$fGBP27.55$g0$hP$5Uk
=ACF  \\$aPrevious copyright fee: GBP29.59$c13\5$e01-oct-2016$fGBP29.59$g0$hP$5Uk
=ACF  \\$aPrevious copyright fee: GBP31.96$c13\5$e01-apr-2017$fGBP31.96$g0$hP$5Uk
=ACF  \\$aPrevious copyright fee: GBP30.73$c13\5$e01-oct-2017$fGBP30.73$g0$hP$5Uk
=ACF  \\$aPrevious copyright fee: GBP28.54$c13\5$e01-apr-2018$fGBP28.54$g0$hP$5Uk
=ACF  \\$aPrevious copyright fee: GBP34.00$c22\1$e01-jul-2018$fGBP34.00$g0$hP$5Uk
=LAS  \\$a5410$b40$c20230328$lBLL01$h1500

