=LDR  05463cas a2201213 a 4500
=001  014492410
=003  Uk
=005  20230328150848.0
=006  m\\\\\o\\d\\\\\\\\
=007  cr\|||||||||||
=008  070117c20089999njuqr\p\o\\\\\0\\\a0eng\c
=FMT  \\$a  SE
=010  \\$a  2007215861
=022  0\$a1935-5149$l1935-5130$y1935-5130$21
=035  \\$a(OCoLC)78571963
=037  \\$a???$bSpringer
=040  \\$aNSDP$beng$cNSDP$dOCoLC$dDNAL$dOKentU$dDLC$dPPiU-H$dOCoLC$dUk
=042  \\$ansdp$aukblsr
=050  14$aTP248.65.F66$bF66
=070  0\$aTP248.65.F66$bF66
=072  \0$aQ100
=082  10$a664.024$223
=130  0\$aFood and bioprocess technology (Online)
=210  0\$aFood bioprocess technol.$b(Online)
=222  \0$aFood and bioprocess technology$b(Online)
=245  10$aFood and bioprocess technology$h[electronic resource].
=260  \\$aNew York, NY :$bSpringer Science + Business Media
=310  \\$aQuarterly
=336  \\$atext$2rdacontent
=337  \\$acomputer$2rdamedia
=338  \\$aonline resource$2rdacarrier
=362  1\$aBegan with vol. 1, no. 1 (Mar. 2008).
=588  \\$aDescription based on first issue; title from caption (Springerlink website viewed Nov. 25, 2008).
=588  \\$aLatest issue consulted: volume 6, issue 10 (October 2013), viewed Sept. 24, 2013.
=540  \\$aCurrent copyright fee: GBP29.95$c22\1$5Uk
=650  \0$aFood$xBiotechnology$vPeriodicals.
=650  \0$aFood industry and trade$vPeriodicals.
=650  \2$aFood Technology$vPeriodicals.
=650  \2$aBiotechnology$vPeriodicals.
=776  08$iPrint version:$tFood and bioprocess technology$x1935-5130
=859  \\$aELD$bejournal
=856  \\$31850-9999$uhttp://www.springer.com/gb/$xBLDSS
=856  40$uhttp://link.springer.com/journal/11947
=856  40$uhttp://www.springerlink.com/content/120800/
=859  \\$aXLD$bejournal
=852  41$aBritish Library$bDSC$j3977.026860$3Volume 1:Issue 1(2008)-Volume 11:Issue 4(2018)***See ESTAR for full holdings.
=852  41$aBritish Library$bHMNTS$jELD Digital store$3Volume 11:Issue 3(2018)-
=945  \\$aFood and bioprocess technology
=959  \\$fHeld but not currently received
=979  \\$aBritish Library$bDSC$j3977.026860
=CAT  \\$a7174$b40$c20080115$lBLL01$h1114
=CAT  \\$aBATCH-UPD$b00$c20150520$lBLL01$h1759
=CAT  \\$aIPL-CLA$c20150630$lBLL01$h1700
=CAT  \\$aBATCH-UPD$b00$c20150820$lBLL01$h1846
=CAT  \\$aIPL-CLA$c20150930$lBLL01$h1825
=CAT  \\$aBATCH-UPD$b00$c20160217$lBLL01$h1737
=CAT  \\$aIPL-CLA$c20160331$lBLL01$h1747
=CAT  \\$aBATCH-UPD$b00$c20160524$lBLL01$h2212
=CAT  \\$aBATCH-UPD$b00$c20160525$lBLL01$h0032
=CAT  \\$aBATCH-UPD$b00$c20160824$lBLL01$h1804
=CAT  \\$aIPL-CLA$c20160930$lBLL01$h1619
=CAT  \\$aBATCH-UPD$b00$c20170216$lBLL01$h1853
=CAT  \\$aIPL-CLA$c20170331$lBLL01$h1857
=CAT  \\$aBATCH-UPD$b00$c20170904$lBLL01$h1902
=CAT  \\$aIPL-CLA$c20170929$lBLL01$h1743
=CAT  \\$aBATCH-UPD$b00$c20180223$lBLL01$h1736
=CAT  \\$aIPL-CLA$c20180331$lBLL01$h1635
=CAT  \\$aW1805-0475$c20180520$lBLL01$h1632
=CAT  \\$aBATCH-UPD$b00$c20180524$lBLL01$h1722
=CAT  \\$aIPL-CLA$c20180630$lBLL01$h1925
=CAT  \\$aW1908-0780$b00$c20200730$lBLL01$h1331
=CAT  \\$a15190$b40$c20201110$lBLL01$h1125
=CAT  \\$aCDS21$c20220118$lBLL01$h1105
=CAT  \\$aBATCH-UPD$b00$c20221121$lBLL01$h1402
=CAT  \\$aIPL-CLA$c20221231$lBLL01$h1449
=CAT  \\$a5410$b40$c20230328$lBLL01$h1508
=CFI  0\$aCurrent copyright fee: GBP29.95$c22\1$e01-jan-2023$fGBP29.95$g0$hP$5Uk
=CFI  2\$aPrevious copyright fee: GBP34.00$c22\1$e01-jul-2018$fGBP34.00$g0$hP$5Uk
=EST  \\$a1
=FFP  \\$aY$bBLDSS-3PM
=FIN  \\$aY$d20130924
=LKR  \\$aPAR$b014374988$lBLL01$r776$mFood and bioprocess technology (Online)$nFood and bioprocess technology (Print).
=MNI  \\$a1935-5130
=SRC  \\$aBLL02
=TCO  \\$aTRS$bCCC$c008
=TOC  \\$aETOC
=UNO  \\$aY
=ACF  \\$aPrevious copyright fee: GBP21.25$c22\8$e01-jan-2009$fGBP21.25$g0$hP$5Uk
=ACF  \\$aPrevious Copyright Fee: GBP16.75$c22\8$e15-jan-2008$fGBP16.75$g0$hP$5Uk
=ACF  \\$aPrevious copyright fee: GBP22.00$c22\8$e01-apr-2009$fGBP22.00$g0$hP$5Uk
=ACF  \\$aPrevious copyright fee: GBP22.00$c22\8$e12-aug-2012$fGBP22.00$g0$hP$5Uk
=ACF  \\$aPrevious copyright fee: GBP25.00$c22\8$e01-jan-2013$fGBP25.00$g0$hP$5Uk
=ACF  \\$aPrevious copyright fee: GBP25.77$c22\8$e01-jul-2013$fGBP25.77$g0$hP$5Uk
=ACF  \\$aPrevious copyright fee: GBP24.97$c22\8$e01-jan-2014$fGBP24.97$g0$hP$5Uk
=ACF  \\$aPrevious copyright fee: GBP24.21$c22\8$e01-jul-2014$fGBP24.21$g0$hP$5Uk
=ACF  \\$aPrevious copyright fee: GBP25.77$c22\8$e01-apr-2015$fGBP25.77$g0$hP$5Uk
=ACF  \\$aPrevious copyright fee: GBP26.63$c22\8$e01-jul-2015$fGBP26.63$g0$hP$5Uk
=ACF  \\$aPrevious copyright fee: GBP25.77$c22\8$e01-oct-2015$fGBP25.77$g0$hP$5Uk
=ACF  \\$aPrevious copyright fee: GBP27.55$c22\8$e01-apr-2016$fGBP27.55$g0$hP$5Uk
=ACF  \\$aPrevious copyright fee: GBP29.59$c22\8$e01-oct-2016$fGBP29.59$g0$hP$5Uk
=ACF  \\$aPrevious copyright fee: GBP31.96$c22\8$e01-apr-2017$fGBP31.96$g0$hP$5Uk
=ACF  \\$aPrevious copyright fee: GBP30.73$c22\8$e01-oct-2017$fGBP30.73$g0$hP$5Uk
=ACF  \\$aPrevious copyright fee: GBP28.54$c22\8$e01-apr-2018$fGBP28.54$g0$hP$5Uk
=LAS  \\$a5410$b40$c20230328$lBLL01$h1508

