=LDR  05743cas a2201237 a 4500
=001  014502781
=003  Uk
=005  20230319103330.0
=006  m\\\\\o\\d\\\\\\\\
=007  cr\mnu||||||||
=008  980422c19919999ja\mr\pso\\\\\0\\\a0eng\d
=FMT  \\$a  SE
=022  \\$a1865-3774$l0925-5710
=035  \\$a(OCoLC)38995702
=037  \\$a???$bSpringer
=040  \\$aOH1$beng$cOH1$dOCL$dOCLCQ$dCIT$dVPI$dOCLCQ$dUk
=050  \4$aRB145
=082  04$a616.15$223
=210  1\$aInt. j. hematol.$b(Internet)
=222  \0$aInternational journal of hematology$b(Internet)
=245  00$aInternational journal of hematology$h[electronic resource].
=260  \\$aNew York, NY :$bElsevier Science Pub. Co.
=260  3\$3<2004>-$aTokyo :$bSpringer Japan
=310  \\$a10 no. a year,$b2002-
=321  \\$aEight no. a year,$b-2001
=336  \\$atext$2rdacontent
=337  \\$acomputer$2rdamedia
=338  \\$aonline resource$2rdacarrier
=362  1\$aBegan with vol. 54, no. 1 (Feb. 1991).
=525  \\$aHas occasional supplements.
=550  \\$aOfficial journal of the Japanese Society of Hematology.
=580  \\$aOriginal print version of this title was preceded by an earlier title called: Nihon Ketsueki Gakkai zasshi.
=588  \\$aDescription based on: Vol. 64, issue 3-4 (Oct. 1996); title from general information screen (viewed Apr. 21, 1998).
=588  \\$aLatest issue consulted: volume 98, issue 3 (September 2013)(SpringerLink, viewed Sept. 24, 2013).
=540  \\$aCurrent copyright fee: GBP34.95$c22\1$5Uk
=650  \0$aHematology$vPeriodicals.
=650  \2$aBlood$vPeriodicals.
=650  \2$aHematologic Diseases$vPeriodicals.
=710  2\$aNihon Ketsueki Gakkai.
=776  08$iPrint version:$tInternational journal of hematology$x0925-5710
=859  \\$aELD$bejournal
=856  \\$31850-9999$uhttp://www.springer.com/gb/$xBLDSS
=856  40$uhttp://link.springer.com/journal/12185
=856  40$uhttp://www.springerlink.com/content/106944
=859  \\$aXLD$bejournal
=852  41$aBritish Library$bDSC$j4542.280400$3Volume 73:Issue 2 (2001)-Volume 107:Issue 4(2018)***See ESTAR for full holdings.
=852  41$aBritish Library$bHMNTS$jELD Digital store$3Volume 107:Issue 1(2018)-
=945  \\$aInternational journal of hematology
=959  \\$fHeld but not currently received
=979  \\$aBritish Library$bDSC$j4542.280400
=CAT  \\$a7174$b40$c20080125$lBLL01$h1024
=CAT  \\$aBATCH-UPD$b00$c20150820$lBLL01$h1851
=CAT  \\$aIPL-CLA$c20150930$lBLL01$h1825
=CAT  \\$aBATCH-UPD$b00$c20160217$lBLL01$h1743
=CAT  \\$aIPL-CLA$c20160331$lBLL01$h1747
=CAT  \\$aBATCH-UPD$b00$c20160524$lBLL01$h2212
=CAT  \\$aBATCH-UPD$b00$c20160525$lBLL01$h0033
=CAT  \\$aBATCH-UPD$b00$c20160824$lBLL01$h1810
=CAT  \\$aIPL-CLA$c20160930$lBLL01$h1619
=CAT  \\$aBATCH-UPD$b00$c20170216$lBLL01$h1859
=CAT  \\$aIPL-CLA$c20170331$lBLL01$h1857
=CAT  \\$aBATCH-UPD$b00$c20170904$lBLL01$h1909
=CAT  \\$aIPL-CLA$c20170929$lBLL01$h1743
=CAT  \\$aBATCH-UPD$b00$c20180223$lBLL01$h1742
=CAT  \\$aIPL-CLA$c20180331$lBLL01$h1635
=CAT  \\$aW1805-0475$c20180520$lBLL01$h1632
=CAT  \\$aBATCH-UPD$b00$c20180524$lBLL01$h1728
=CAT  \\$aIPL-CLA$c20180630$lBLL01$h1925
=CAT  \\$aW1908-0780$b00$c20200730$lBLL01$h1331
=CAT  \\$a15190$b40$c20201130$lBLL01$h1533
=CAT  \\$a5552$b40$c20210813$lBLL01$h1207
=CAT  \\$aIPL-CLA$c20210930$lBLL01$h1528
=CAT  \\$aCDS21$c20220118$lBLL01$h1105
=CAT  \\$aBATCH-UPD$b00$c20221121$lBLL01$h1411
=CAT  \\$aIPL-CLA$c20221231$lBLL01$h1449
=CAT  \\$a5410$b40$c20230319$lBLL01$h1033
=CFI  0\$aCurrent copyright fee: GBP34.95$c22\1$e01-jan-2023$fGBP34.95$g0$hP$5Uk
=CFI  2\$aPrevious copyright fee: GBP43.00$c22\1$e01-oct-2021$fGBP43.00$g0$hP$5Uk
=EST  \\$a1
=FFP  \\$aY$bBLDSS-3PM
=FIN  \\$aY$d20130924
=LKR  \\$aPAR$b007076101$lBLL01$r776$mInternational journal of hematology (Online)$nInternational journal of hematology (Print).
=MNI  \\$a0925-5710
=SID  \\$aZ39$bOCLC
=TCO  \\$aJPN$bJAACC$c008
=TCO  \\$aCLA$bCLA$c008
=TOC  \\$aETOC
=UNO  \\$aY
=ACF  \\$aPrevious copyright fee: GBP21.25$c23\3$e01-jan-2009$fGBP21.25$g0$hP$5Uk
=ACF  \\$aPrevious Copyright Fee: GBP16.75$c23\3$e25-jan-2008$fGBP16.75$g0$hP$5Uk
=ACF  \\$aPrevious copyright fee: GBP22.00$c23\3$e01-apr-2009$fGBP22.00$g0$hP$5Uk
=ACF  \\$aPrevious copyright fee: GBP22.00$c23\3$e12-aug-2012$fGBP22.00$g0$hP$5Uk
=ACF  \\$aPrevious copyright fee: GBP25.00$c23\3$e01-jan-2013$fGBP25.00$g0$hP$5Uk
=ACF  \\$aPrevious copyright fee: GBP25.77$c23\3$e01-jul-2013$fGBP25.77$g0$hP$5Uk
=ACF  \\$aPrevious copyright fee: GBP24.97$c23\3$e01-jan-2014$fGBP24.97$g0$hP$5Uk
=ACF  \\$aPrevious copyright fee: GBP24.21$c23\3$e01-jul-2014$fGBP24.21$g0$hP$5Uk
=ACF  \\$aPrevious copyright fee: GBP25.77$c23\3$e01-apr-2015$fGBP25.77$g0$hP$5Uk
=ACF  \\$aPrevious copyright fee: GBP26.63$c23\3$e01-jul-2015$fGBP26.63$g0$hP$5Uk
=ACF  \\$aPrevious copyright fee: GBP25.77$c23\3$e01-oct-2015$fGBP25.77$g0$hP$5Uk
=ACF  \\$aPrevious copyright fee: GBP27.55$c23\3$e01-apr-2016$fGBP27.55$g0$hP$5Uk
=ACF  \\$aPrevious copyright fee: GBP29.59$c23\3$e01-oct-2016$fGBP29.59$g0$hP$5Uk
=ACF  \\$aPrevious copyright fee: GBP31.96$c23\3$e01-apr-2017$fGBP31.96$g0$hP$5Uk
=ACF  \\$aPrevious copyright fee: GBP30.73$c23\3$e01-oct-2017$fGBP30.73$g0$hP$5Uk
=ACF  \\$aPrevious copyright fee: GBP28.54$c23\3$e01-apr-2018$fGBP28.54$g0$hP$5Uk
=ACF  \\$aPrevious copyright fee: GBP34.00$c22\1$e01-jul-2018$fGBP34.00$g0$hP$5Uk
=LAS  \\$a5410$b40$c20230319$lBLL01$h1033

