=LDR  05519cas a2201225 a 4500
=001  014563088
=003  Uk
=005  20230319102236.0
=006  m\\\\\\\\d\\\\\\\\
=007  cr\|||||||||||
=008  050414c20019999gw\qr\pso\\\\\0\\\a0eng\c
=FMT  \\$a  SE
=010  \\$a2005249028
=022  \\$a1614-7480$l1439-0108$y1439-0108
=035  \\$a(OCoLC)58997092$z(OCoLC)60622448
=037  \\$a???$bSpringer
=040  \\$aZYU$beng$cZYU$dOCLCQ$dVRC$dOCLCQ$dUk
=042  \\$aukblsr
=050  14$aS622$b.J68
=082  04$a631.405$223
=130  0\$aJournal of soils and sediments (Online)
=210  0\$aJ. soils sediments$b(Internet)
=222  \0$aJournal of soils and sediments$b(Internet)
=245  10$aJournal of soils and sediments$h[electronic resource] :$bJSS.
=246  30$aJSS
=260  \\$aLandsberg, Germany ;$aFort Worth, TX :$bEcomed Pub.,$c[2001]-
=264  31$aHeidelberg :$bSpringer
=310  \\$aQuarterly
=336  \\$atext$2rdacontent
=337  \\$acomputer$2rdamedia
=338  \\$aonline resource$2rdacarrier
=362  0\$aVol. 1, no. 1 (2001)-
=500  \\$aTitle from journal information screen (Scientific Journals.com, viewed Apr. 14, 2005).
=500  \\$a"Protection, risk assessment and remediation."
=588  \\$aLatest issue consulted: volume 13, issue 9 (October 2013) (SpringerLink, viewed September 30, 2013).
=540  \\$aCurrent copyright fee: GBP29.95$c22\1$5Uk
=650  \0$aSoil protection$vPeriodicals.
=650  \0$aSoil pollution$vPeriodicals.
=650  \0$aSedimentation and deposition$vPeriodicals.
=776  08$iAlso issued in print as:$tJournal of soils and sediments$x1439-0108
=710  2\$aEcomed.
=859  \\$aELD$bejournal
=856  \\$31850-9999$uhttp://www.springer.com/gb/$xBLDSS
=856  4\$uhttp://www.scientificjournals.com/sj/jss/ausgaben
=856  40$uhttp://link.springer.com/journal/11368
=859  \\$aXLD$bejournal
=852  41$aBritish Library$bDSC$j5065.057000$3Volume 3:Issue 1 (2003)-Volume 18:Issue 3(2018)***See ESTAR for full holdings.
=852  41$aBritish Library$bHMNTS$jELD Digital store$3Volume 18:Issue 10(2018)-
=945  \\$aJournal of soils and sediments
=959  \\$fHeld but not currently received
=979  \\$aBritish Library$bDSC$j5065.057000
=CAT  \\$a7174$b40$c20080313$lBLL01$h1215
=CAT  \\$aBATCH-UPD$b00$c20150520$lBLL01$h1751
=CAT  \\$aIPL-CLA$c20150630$lBLL01$h1700
=CAT  \\$aBATCH-UPD$b00$c20150820$lBLL01$h1838
=CAT  \\$aIPL-CLA$c20150930$lBLL01$h1826
=CAT  \\$aBATCH-UPD$b00$c20160217$lBLL01$h1728
=CAT  \\$aIPL-CLA$c20160331$lBLL01$h1748
=CAT  \\$aBATCH-UPD$b00$c20160518$lBLL01$h1249
=CAT  \\$aBATCH-UPD$b00$c20160524$lBLL01$h2212
=CAT  \\$aBATCH-UPD$b00$c20160824$lBLL01$h1756
=CAT  \\$aIPL-CLA$c20160930$lBLL01$h1620
=CAT  \\$aBATCH-UPD$b00$c20170216$lBLL01$h1844
=CAT  \\$aIPL-CLA$c20170331$lBLL01$h1858
=CAT  \\$aBATCH-UPD$b00$c20170904$lBLL01$h1853
=CAT  \\$aIPL-CLA$c20170929$lBLL01$h1744
=CAT  \\$aBATCH-UPD$b00$c20180223$lBLL01$h1723
=CAT  \\$aIPL-CLA$c20180331$lBLL01$h1636
=CAT  \\$aW1805-0475$c20180520$lBLL01$h1632
=CAT  \\$aBATCH-UPD$b00$c20180524$lBLL01$h1714
=CAT  \\$aIPL-CLA$c20180630$lBLL01$h1925
=CAT  \\$aW1908-0780$b00$c20200730$lBLL01$h1331
=CAT  \\$a15190$b40$c20210303$lBLL01$h1443
=CAT  \\$aCDS21$c20220118$lBLL01$h1105
=CAT  \\$aBATCH-UPD$b00$c20221121$lBLL01$h1402
=CAT  \\$aIPL-CLA$c20221231$lBLL01$h1449
=CAT  \\$a5410$b40$c20230319$lBLL01$h1022
=CFI  0\$aCurrent copyright fee: GBP29.95$c22\1$e01-jan-2023$fGBP29.95$g0$hP$5Uk
=CFI  2\$aPrevious copyright fee: GBP34.00$c22\1$e01-jul-2018$fGBP34.00$g0$hP$5Uk
=EST  \\$a1
=FFP  \\$aY$bBLDSS-3PM
=FIN  \\$aY$d20130930
=LKR  \\$aPAR$b010492273$lBLL01$nJournal of soils and sediments (Print)$mJournal of soils and sediments (Online)$r776
=MNI  \\$a1439-0108
=SID  \\$aZ39$bOCLC
=TCO  \\$aDEU$bVG WORT$c008
=TOC  \\$aETOC
=UNO  \\$aY
=ACF  \\$aPrevious copyright fee: GBP21.25$c22\3$e01-jan-2009$fGBP21.25$g0$hP$5Uk
=ACF  \\$aPrevious Copyright Fee: GBP16.75$c22\3$e13-mar-2008$fGBP16.75$g0$hP$5Uk
=ACF  \\$aPrevious copyright fee: GBP22.00$c22\3$e01-apr-2009$fGBP22.00$g0$hP$5Uk
=ACF  \\$aPrevious copyright fee: GBP22.00$c22\3$e12-aug-2012$fGBP22.00$g0$hP$5Uk
=ACF  \\$aPrevious copyright fee: GBP25.00$c22\3$e01-jan-2013$fGBP25.00$g0$hP$5Uk
=ACF  \\$aPrevious copyright fee: GBP25.77$c22\3$e01-jul-2013$fGBP25.77$g0$hP$5Uk
=ACF  \\$aPrevious copyright fee: GBP24.97$c22\3$e01-jan-2014$fGBP24.97$g0$hP$5Uk
=ACF  \\$aPrevious copyright fee: GBP24.21$c22\3$e01-jul-2014$fGBP24.21$g0$hP$5Uk
=ACF  \\$aPrevious copyright fee: GBP25.77$c22\3$e01-apr-2015$fGBP25.77$g0$hP$5Uk
=ACF  \\$aPrevious copyright fee: GBP26.63$c22\3$e01-jul-2015$fGBP26.63$g0$hP$5Uk
=ACF  \\$aPrevious copyright fee: GBP25.77$c22\3$e01-oct-2015$fGBP25.77$g0$hP$5Uk
=ACF  \\$aPrevious copyright fee: GBP27.55$c22\3$e01-apr-2016$fGBP27.55$g0$hP$5Uk
=ACF  \\$aPrevious copyright fee: GBP29.59$c22\3$e01-oct-2016$fGBP29.59$g0$hP$5Uk
=ACF  \\$aPrevious copyright fee: GBP31.96$c22\3$e01-apr-2017$fGBP31.96$g0$hP$5Uk
=ACF  \\$aPrevious copyright fee: GBP30.73$c22\3$e01-oct-2017$fGBP30.73$g0$hP$5Uk
=ACF  \\$aPrevious copyright fee: GBP28.54$c22\3$e01-apr-2018$fGBP28.54$g0$hP$5Uk
=LAS  \\$a5410$b40$c20230319$lBLL01$h1022

