=LDR  05722cas a2201273 a 4500
=001  014582189
=003  Uk
=005  20230319102011.0
=006  m\\\\\o\\d\\\\\\\\
=007  cr\|||||||||||
=008  990421c19949999ja\bx\pso\\\\\0\\\a0eng\c
=FMT  \\$a  SE
=010  \\$a  2009247760
=016  7\$a100888201$2DNLM
=016  7\$a2394259-9$2DE-600
=016  7\$a986220760$2DE-101
=022  \\$a1880-4233$l1340-6868
=035  \\$a(OCoLC)64671765
=037  \\$a???$bSpringer
=040  \\$aCUD$beng$cCUD$dCUS$dRML$dNTE$dPFM$dOCLCQ$dDEBBG$dGWDNB$dOCLCQ$dGBVCP$dOCLCQ$dOCLCF$dUk
=042  \\$aukblsr
=050  14$aRC280.B8
=060  00$aW1$bBR191Q
=082  04$a616.99449005$223
=130  0\$aBreast cancer (Tokyo, Japan : Online)
=222  \0$aBreast cancer$b(Tokyo. Online)
=245  10$aBreast cancer$h[electronic resource] :$bthe journal of the Japanese Breast Cancer Society.
=260  \\$a[Tokyo] :$bSpringer Japan
=310  \\$aSix issues yearly,$b2014-
=321  \\$aQuarterly,$b-2013
=336  \\$atext$2rdacontent
=337  \\$acomputer$2rdamedia
=338  \\$aonline resource$2rdacarrier
=362  1\$aBegan with vol. 1, no. 1 (July 1994).
=550  \\$aOfficial journal of the Japanese Breast Cancer Society.
=588  \\$aDescription based on: Vol. 4, no. 1 (Mar. 1997); title from journal home page (Springer Web site, viewed Feb. 19, 2009).
=588  \\$aLatest issue consulted: volume 22, issue 4 (July 2015) (viewed September 3, 2015).
=540  \\$aCurrent copyright fee: GBP34.95$c22\1$5Uk
=650  \0$aBreast$xCancer$vPeriodicals.
=650  12$aBreast Neoplasms$vPeriodicals.
=650  \7$aBreast$xCancer.$2fast$0(OCoLC)fst00838260
=655  \7$aPeriodicals.$2fast$0(OCoLC)fst01411641
=710  2\$aNihon Nyūgan Gakkai.
=776  08$iPrint version:$tBreast cancer (Tokyo, Japan)$x1340-6868
=859  \\$aELD$bejournal
=856  \\$31850-9999$uhttp://www.springer.com/gb/$xBLDSS
=856  40$uhttp://www.jstage.jst.go.jp/browse/jbcs
=856  40$uhttp://www.springerlink.com/content/120922/
=859  \\$aXLD$bejournal
=852  41$aBritish Library$bDSC$j2277.493450$3Volume 8:Issue 3(2001)-Volume 25:Issue 2(2018)***See ESTAR for full holdings.
=852  41$aBritish Library$bHMNTS$jELD Digital store$3Volume 25:Issue 2(2018)-
=945  \\$aBreast cancer -Tokyo-
=959  \\$fHeld but not currently received
=979  \\$aBritish Library$bDSC$j2277.493450
=CAT  \\$a7174$b40$c20080407$lBLL01$h1139
=CAT  \\$a11316$b40$c20150903$lBLL01$h1359
=CAT  \\$aIPL-CLA$c20150930$lBLL01$h1826
=CAT  \\$aBATCH-UPD$b00$c20160217$lBLL01$h1743
=CAT  \\$aIPL-CLA$c20160331$lBLL01$h1749
=CAT  \\$aBATCH-UPD$b00$c20160524$lBLL01$h2212
=CAT  \\$aBATCH-UPD$b00$c20160525$lBLL01$h0034
=CAT  \\$aBATCH-UPD$b00$c20160824$lBLL01$h1810
=CAT  \\$aIPL-CLA$c20160930$lBLL01$h1620
=CAT  \\$aBATCH-UPD$b00$c20170216$lBLL01$h1859
=CAT  \\$aIPL-CLA$c20170331$lBLL01$h1858
=CAT  \\$aBATCH-UPD$b00$c20170904$lBLL01$h1909
=CAT  \\$aIPL-CLA$c20170929$lBLL01$h1744
=CAT  \\$aBATCH-UPD$b00$c20180223$lBLL01$h1742
=CAT  \\$aIPL-CLA$c20180331$lBLL01$h1637
=CAT  \\$aW1805-0475$c20180520$lBLL01$h1632
=CAT  \\$aBATCH-UPD$b00$c20180524$lBLL01$h1728
=CAT  \\$aIPL-CLA$c20180630$lBLL01$h1925
=CAT  \\$aW1908-0780$b00$c20200730$lBLL01$h1331
=CAT  \\$a15190$b40$c20201009$lBLL01$h1550
=CAT  \\$a5552$b40$c20210810$lBLL01$h1146
=CAT  \\$aIPL-CLA$c20210930$lBLL01$h1528
=CAT  \\$aCDS21$c20220118$lBLL01$h1105
=CAT  \\$aBATCH-UPD$b00$c20221121$lBLL01$h1412
=CAT  \\$aIPL-CLA$c20221231$lBLL01$h1449
=CAT  \\$a5410$b40$c20230319$lBLL01$h1020
=CFI  0\$aCurrent copyright fee: GBP34.95$c22\1$e01-jan-2023$fGBP34.95$g0$hP$5Uk
=CFI  2\$aPrevious copyright fee: GBP43.00$c22\1$e01-oct-2021$fGBP43.00$g0$hP$5Uk
=EST  \\$a1
=FFP  \\$aY$bBLDSS-3PM
=FIN  \\$aY$d20150903
=LKR  \\$aPAR$b011107983$lBLL01$r776$mBreast cancer (Online)$nBreast cancer (Print)
=MNI  \\$a1340-6868
=SID  \\$aZ39$bOCLC
=TCO  \\$aJPN$bJAACC$c008
=TOC  \\$aETOC
=UNO  \\$aY
=ACF  \\$aPrevious copyright fee: GBP21.25$c23\3$e01-jan-2009$fGBP21.25$g0$hP$5Uk
=ACF  \\$aPrevious Copyright Fee: GBP16.75$c23\3$e07-apr-2008$fGBP16.75$g0$hP$5Uk
=ACF  \\$aPrevious copyright fee: GBP22.00$c23\3$e01-apr-2009$fGBP22.00$g0$hP$5Uk
=ACF  \\$aPrevious copyright fee: GBP22.00$c23\3$e12-aug-2012$fGBP22.00$g0$hP$5Uk
=ACF  \\$aPrevious copyright fee: GBP25.00$c23\3$e01-jan-2013$fGBP25.00$g0$hP$5Uk
=ACF  \\$aPrevious copyright fee: GBP25.77$c23\3$e01-jul-2013$fGBP25.77$g0$hP$5Uk
=ACF  \\$aPrevious copyright fee: GBP24.97$c23\3$e01-jan-2014$fGBP24.97$g0$hP$5Uk
=ACF  \\$aPrevious copyright fee: GBP24.21$c23\3$e01-jul-2014$fGBP24.21$g0$hP$5Uk
=ACF  \\$aPrevious copyright fee: GBP25.77$c23\3$e01-apr-2015$fGBP25.77$g0$hP$5Uk
=ACF  \\$aPrevious copyright fee: GBP26.63$c23\3$e01-jul-2015$fGBP26.63$g0$hP$5Uk
=ACF  \\$aPrevious copyright fee: GBP25.77$c23\3$e01-oct-2015$fGBP25.77$g0$hP$5Uk
=ACF  \\$aPrevious copyright fee: GBP27.55$c23\3$e01-apr-2016$fGBP27.55$g0$hP$5Uk
=ACF  \\$aPrevious copyright fee: GBP29.59$c23\3$e01-oct-2016$fGBP29.59$g0$hP$5Uk
=ACF  \\$aPrevious copyright fee: GBP31.96$c23\3$e01-apr-2017$fGBP31.96$g0$hP$5Uk
=ACF  \\$aPrevious copyright fee: GBP30.73$c23\3$e01-oct-2017$fGBP30.73$g0$hP$5Uk
=ACF  \\$aPrevious copyright fee: GBP28.54$c23\3$e01-apr-2018$fGBP28.54$g0$hP$5Uk
=ACF  \\$aPrevious copyright fee: GBP34.00$c22\1$e01-jul-2018$fGBP34.00$g0$hP$5Uk
=LAS  \\$a5410$b40$c20230319$lBLL01$h1020

