=LDR  05622cas a2201261 a 4500
=001  014606375
=003  Uk
=005  20230322103257.0
=006  m\\\\\o\\d\\\\\\\\
=007  cr\|||||||||||
=008  050614c19849999enkmr\pso\\\\\0\\\a0eng\d
=FMT  \\$a  SE
=015  \\$aGBB5E7553$2bnb
=022  \\$a1865-8652
=035  \\$a(OCoLC)60628136
=037  \\$a???$bSpringer
=040  \\$aOCLCS$beng$cOCLCS$dCCO$dTFW$dTXA$dOCLCQ$dUk
=042  \\$aukblsr
=060  \4$aW1$bAD88K
=082  04$a615.5$223
=130  0\$aAdvances in therapy (Online)
=222  \0$aAdvances in therapy$b(Internet)
=245  10$aAdvances in therapy$h[electronic resource].
=260  \\$aMetuchen, N.J. :$bHealth Communications Inc.
=264  21$a[Heidelberg] :$bSpringer Healthcare
=264  31$aLondon :$bSpringer Healthcare
=310  \\$aMonthly,$b2008-
=321  \\$aBimonthly,$b-2007
=336  \\$atext$2rdacontent
=337  \\$acomputer$2rdamedia
=338  \\$aonline resource$2rdacarrier
=362  1\$aPrint began with vol. 1, no. 1 (Jan. 1984).
=500  \\$aFrom <2015- > co-published with Adis.
=525  \\$aSome issues have supplements.
=538  \\$aMode of access: World Wide Web.
=588  \\$aDescription based on: Vol. 17, no. 1 (Jan./Feb. 2000); title from PDF article running title (Springer, viewed June 3, 2010).
=588  \\$aLatest issue consulted: volume 32, issue 8 (August 2015) (SpringerLink, viewed October 9, 2015).
=540  \\$aCurrent copyright fee: GBP34.95$c22\1$5Uk
=650  \0$aDiagnosis$vPeriodicals.
=650  \0$aTherapeutics$vPeriodicals.
=776  08$iPrint version:$tAdvances in therapy$x0741-238X
=856  \\$31850-9999$uhttp://www.springer.com/gb/$xBLDSS
=856  40$uhttp://www.advancesintherapy.com/
=856  40$uhttp://www.springer.com/springer+healthcare/journal/12325
=859  \\$aELD$bejournal
=859  \\$aXLD$bejournal
=852  41$aBritish Library$bHMNTS$jELD Digital store$3Volume 32:Issue 1(2015)-
=852  41$aBritish Library$bDSC$j0711.622500$3Volume 24:Issue 6(2007)-Volume 35:Issue 3(2018)***See ESTAR for full holdings.
=945  \\$aAdvances in therapy
=959  \\$fHeld but not currently received
=979  \\$aBritish Library$bDSC$j0711.622500
=CAT  \\$a7174$b40$c20080506$lBLL01$h1440
=CAT  \\$a10983$b40$c20151005$lBLL01$h1508
=CAT  \\$a11316$b40$c20151009$lBLL01$h1203
=CAT  \\$aBATCH-UPD$b40$c20160217$lBLL01$h1816
=CAT  \\$aIPL-CLA$c20160331$lBLL01$h1749
=CAT  \\$aBATCH-UPD$b00$c20160522$lBLL01$h2350
=CAT  \\$aBATCH-UPD$b00$c20160524$lBLL01$h2245
=CAT  \\$aBATCH-UPD$b00$c20160824$lBLL01$h1842
=CAT  \\$aIPL-CLA$c20160930$lBLL01$h1620
=CAT  \\$aBATCH-UPD$b00$c20170216$lBLL01$h1924
=CAT  \\$aIPL-CLA$c20170331$lBLL01$h1858
=CAT  \\$aBATCH-UPD$b00$c20170904$lBLL01$h1945
=CAT  \\$aIPL-CLA$c20170929$lBLL01$h1744
=CAT  \\$aW1711-1005$c20171206$lBLL01$h1821
=CAT  \\$aBATCH-UPD$b00$c20180223$lBLL01$h1825
=CAT  \\$aIPL-CLA$c20180331$lBLL01$h1637
=CAT  \\$aW1805-0475$c20180520$lBLL01$h1632
=CAT  \\$aBATCH-UPD$b00$c20180524$lBLL01$h1742
=CAT  \\$aIPL-CLA$c20180630$lBLL01$h1926
=CAT  \\$aW1908-0780$b00$c20200730$lBLL01$h1331
=CAT  \\$a5552$b40$c20210810$lBLL01$h0843
=CAT  \\$aIPL-CLA$c20210930$lBLL01$h1528
=CAT  \\$aCDS21$c20220118$lBLL01$h1105
=CAT  \\$aBATCH-UPD$b00$c20221121$lBLL01$h1412
=CAT  \\$aIPL-CLA$c20221231$lBLL01$h1449
=CAT  \\$a5410$b40$c20230322$lBLL01$h1032
=CFI  0\$aCurrent copyright fee: GBP34.95$c22\1$e01-jan-2023$fGBP34.95$g0$hP$5Uk
=CFI  2\$aPrevious copyright fee: GBP43.00$c22\1$e01-oct-2021$fGBP43.00$g0$hP$5Uk
=EST  \\$a1
=FFP  \\$aY$bBLDSS-3PM
=FIN  \\$aY$d20130717
=LET  \0$aAdvances in therapy (Electronic)
=LKR  \\$aPAR$b007530277$lBLL01$r776$mAdvances in therapy (Online)$nAdvances in therapy (Print)
=MNI  \\$a0741-238X
=SID  \\$aZ39$bOCLC
=TCO  \\$aTRS$bCCC$c008
=TCO  \\$aDEU$bVG WORT$c008
=TOC  \\$aETOC
=UNO  \\$aY
=ACF  \\$aPrevious copyright fee: GBP20.00$c41\2$e01-jul-2008$fGBP20.00$g0$hP$5Uk
=ACF  \\$aPrevious Copyright Fee: GBP16.75$c41\2$e06-may-2008$fGBP16.75$g0$hP$5Uk
=ACF  \\$aPrevious copyright fee: GBP26.00$c41\2$e01-jan-2009$fGBP26.00$g0$hP$5Uk
=ACF  \\$aPrevious copyright fee: GBP22.00$c41\2$e12-aug-2012$fGBP22.00$g0$hP$5Uk
=ACF  \\$aPrevious copyright fee: GBP31.22$c41\2$e01-jan-2013$fGBP31.22$g0$hP$5Uk
=ACF  \\$aPrevious copyright fee: GBP32.26$c41\2$e01-jul-2013$fGBP32.26$g0$hP$5Uk
=ACF  \\$aPrevious copyright fee: GBP31.21$c41\2$e01-jan-2014$fGBP31.21$g0$hP$5Uk
=ACF  \\$aPrevious copyright fee: GBP30.27$c41\2$e01-jul-2014$fGBP30.27$g0$hP$5Uk
=ACF  \\$aPrevious copyright fee: GBP32.23$c41\2$e01-apr-2015$fGBP32.23$g0$hP$5Uk
=ACF  \\$aPrevious copyright fee: GBP33.30$c41\2$e01-jul-2015$fGBP33.30$g0$hP$5Uk
=ACF  \\$aPrevious copyright fee: GBP32.23$c41\2$e01-oct-2015$fGBP32.23$g0$hP$5Uk
=ACF  \\$aPrevious copyright fee: GBP34.45$c41\2$e01-apr-2016$fGBP34.45$g0$hP$5Uk
=ACF  \\$aPrevious copyright fee: GBP37.00$c41\2$e01-oct-2016$fGBP37.00$g0$hP$5Uk
=ACF  \\$aPrevious copyright fee: GBP39.96$c41\2$e01-apr-2017$fGBP39.96$g0$hP$5Uk
=ACF  \\$aPrevious copyright fee: GBP38.42$c41\2$e01-oct-2017$fGBP38.42$g0$hP$5Uk
=ACF  \\$aPrevious copyright fee: GBP35.68$c41\2$e01-apr-2018$fGBP35.68$g0$hP$5Uk
=ACF  \\$aPrevious copyright fee: GBP34.00$c22\1$e01-jul-2018$fGBP34.00$g0$hP$5Uk
=LAS  \\$a5410$b40$c20230322$lBLL01$h1032

