=LDR  05860cas a2201261 a 4500
=001  014632319
=003  Uk
=005  20230519192647.0
=006  m\\\\\\\\d\\\\\\\\
=007  cr\|||||||||||
=008  080602c20089999gw\||\pso\\\\\|\\\\0eng\c
=FMT  \\$a  SE
=010  \\$a2008266653
=022  \\$a1865-1569$y1865-1550
=035  \\$a(OCoLC)229854218$z(OCoLC)316182605
=037  \\$a???$bSpringer
=040  \\$aHNK$cHNK$dHNK$dGUA$dOCLCS$dOCLCQ$dUk
=042  \\$aukblsr
=050  14$aRK529$b.M86
=082  04$a617.522$223
=222  \0$aOral and maxillofacial surgery$b(Internet)
=245  00$aOral and maxillofacial surgery$h[electronic resource].
=260  \\$aBerlin :$bSpringer
=310  \\$aQuarterly
=336  \\$atext$2rdacontent
=337  \\$acomputer$2rdamedia
=338  \\$aonline resource$2rdacarrier
=362  0\$aVol. 12, no. 1 (May 2008)-
=550  \\$aOfficial journal of Deutsche Gesellschaft für Mund-, Kiefer- und Gesichtschirurgie.
=500  \\$aDescription based on vol. 12, no. 1 (May 2008); title from title screen (SpringerLink, viewed July 24, 2008).
=500  \\$aLatest issue consulted: Vol. 12, no. 2 (July 2008), viewed July 24, 2008.
=540  \\$aCurrent copyright fee: GBP34.95$c22\1$5Uk
=650  \0$aMouth$xSurgery$vPeriodicals.
=650  \0$aMaxilla$xSurgery$vPeriodicals.
=650  \0$aFace$xSurgery$vPeriodicals.
=650  \0$aSurgery, Plastic$vPeriodicals.
=650  \0$aDentistry, Operative$vPeriodicals.
=710  2\$aDeutsche Gesellschaft für Mund-, Kiefer- und Gesichtschirurgie.
=780  00$tMund-, kiefer- und Gesichtschirurgie$x1432-9417
=776  08$iPrint version:$tOral and maxillofacial surgery$x1865-1550
=780  00$tMund-, Kiefer- und Gesichtschirurgie (Online)$x1434-3940
=859  \\$aELD$bejournal
=856  \\$31850-9999$uhttp://www.springer.com/gb/$xBLDSS
=856  40$uhttp://www.springerlink.com/content/121011
=856  40$uhttp://www.springerlink.com/openurl.asp?genre=journal&issn=1865-1550
=859  \\$aXLD$bejournal
=852  41$aBritish Library$bDSC$j6277.441490$3Volume 1:Issue 1/6(1997)-Volume 22:Issue 1(2018)***See ESTAR for full holdings.
=852  41$aBritish Library$bHMNTS$jELD Digital store$3Volume 22:Issue 1(2018)-
=945  \\$aOral and maxillofacial surgery
=959  \\$fHeld but not currently received
=979  \\$aBritish Library$bDSC$j6277.441490
=985  \\$aAC - 2nd, 3rd and 4th 710s=new
=CAT  \\$a7174$b40$c20080603$lBLL01$h1120
=CAT  \\$aBATCH-UPD$b00$c20150820$lBLL01$h1838
=CAT  \\$aIPL-CLA$c20150930$lBLL01$h1827
=CAT  \\$aBATCH-UPD$b00$c20160217$lBLL01$h1728
=CAT  \\$aIPL-CLA$c20160331$lBLL01$h1750
=CAT  \\$aBATCH-UPD$b00$c20160524$lBLL01$h2212
=CAT  \\$aBATCH-UPD$b00$c20160525$lBLL01$h0035
=CAT  \\$aBATCH-UPD$b00$c20160824$lBLL01$h1756
=CAT  \\$aIPL-CLA$c20160930$lBLL01$h1621
=CAT  \\$aBATCH-UPD$b00$c20170216$lBLL01$h1844
=CAT  \\$aIPL-CLA$c20170331$lBLL01$h1859
=CAT  \\$aBATCH-UPD$b00$c20170904$lBLL01$h1853
=CAT  \\$aIPL-CLA$c20170929$lBLL01$h1745
=CAT  \\$aBATCH-UPD$b00$c20180223$lBLL01$h1723
=CAT  \\$aIPL-CLA$c20180331$lBLL01$h1638
=CAT  \\$aW1805-0475$c20180520$lBLL01$h1632
=CAT  \\$aBATCH-UPD$b00$c20180524$lBLL01$h1714
=CAT  \\$aIPL-CLA$c20180630$lBLL01$h1926
=CAT  \\$aW1908-0780$b00$c20200730$lBLL01$h1331
=CAT  \\$a15190$b40$c20210324$lBLL01$h1518
=CAT  \\$a5552$b40$c20210824$lBLL01$h1043
=CAT  \\$aIPL-CLA$c20210930$lBLL01$h1528
=CAT  \\$aCDS21$c20220118$lBLL01$h1105
=CAT  \\$aBATCH-UPD$b00$c20221121$lBLL01$h1412
=CAT  \\$aIPL-CLA$c20221231$lBLL01$h1449
=CAT  \\$a5410$b40$c20230519$lBLL01$h1926
=CFI  0\$aCurrent copyright fee: GBP34.95$c22\1$e01-jan-2023$fGBP34.95$g0$hP$5Uk
=CFI  2\$aPrevious copyright fee: GBP43.00$c22\1$e01-oct-2021$fGBP43.00$g0$hP$5Uk
=EST  \\$a1
=FFP  \\$aY$bBLDSS-3PM
=FIN  \\$aY$d20110923
=LKR  \\$aPAR$b014644218$lBLL01$r776$mOral and maxillofacial surgery$nOral and maxillofacial surgery.
=LKR  \\$aPAR$b013089748$lBLL01$r78000$mOral and maxillofacial surgery$nMund-, kiefer- und gesichtschirurgie
=MNI  \\$a1865-1550
=SID  \\$aZ39$bOCLC
=TCO  \\$aDEU$bVG WORT$c008
=TOC  \\$aETOC
=UNO  \\$aY
=ACF  \\$aPrevious copyright fee: GBP21.25$c22\3$e01-jan-2009$fGBP21.25$g0$hP$5Uk
=ACF  \\$aPrevious Copyright Fee: GBP16.75$c22\3$e03-jun-2008$fGBP16.75$g0$hP$5Uk
=ACF  \\$aPrevious copyright fee: GBP22.00$c22\3$e01-apr-2009$fGBP22.00$g0$hP$5Uk
=ACF  \\$aPrevious copyright fee: GBP22.00$c22\3$e12-aug-2012$fGBP22.00$g0$hP$5Uk
=ACF  \\$aPrevious copyright fee: GBP25.00$c22\3$e01-jan-2013$fGBP25.00$g0$hP$5Uk
=ACF  \\$aPrevious copyright fee: GBP25.77$c22\3$e01-jul-2013$fGBP25.77$g0$hP$5Uk
=ACF  \\$aPrevious copyright fee: GBP24.97$c22\3$e01-jan-2014$fGBP24.97$g0$hP$5Uk
=ACF  \\$aPrevious copyright fee: GBP24.21$c22\3$e01-jul-2014$fGBP24.21$g0$hP$5Uk
=ACF  \\$aPrevious copyright fee: GBP25.77$c22\3$e01-apr-2015$fGBP25.77$g0$hP$5Uk
=ACF  \\$aPrevious copyright fee: GBP26.63$c22\3$e01-jul-2015$fGBP26.63$g0$hP$5Uk
=ACF  \\$aPrevious copyright fee: GBP25.77$c22\3$e01-oct-2015$fGBP25.77$g0$hP$5Uk
=ACF  \\$aPrevious copyright fee: GBP27.55$c22\3$e01-apr-2016$fGBP27.55$g0$hP$5Uk
=ACF  \\$aPrevious copyright fee: GBP29.59$c22\3$e01-oct-2016$fGBP29.59$g0$hP$5Uk
=ACF  \\$aPrevious copyright fee: GBP31.96$c22\3$e01-apr-2017$fGBP31.96$g0$hP$5Uk
=ACF  \\$aPrevious copyright fee: GBP30.73$c22\3$e01-oct-2017$fGBP30.73$g0$hP$5Uk
=ACF  \\$aPrevious copyright fee: GBP28.54$c22\3$e01-apr-2018$fGBP28.54$g0$hP$5Uk
=ACF  \\$aPrevious copyright fee: GBP34.00$c22\1$e01-jul-2018$fGBP34.00$g0$hP$5Uk
=LAS  \\$a5410$b40$c20230519$lBLL01$h1926

