=LDR  04978cas a2201129 a 4500
=001  014653329
=003  Uk
=005  20230319103033.0
=006  m\\\\\\\\d\\\\\\\\
=007  cr\|||||||||||
=008  080730c20089999ne\qr\p\s\\\\\0\\\a0eng\c
=FMT  \\$a  SE
=010  \\$a2009242098
=022  \\$a1570-6478$l1570-646X
=035  \\$a(OCoLC)236565972
=037  \\$a???$bSpringer
=040  \\$aHNK$cHNK$dMYG$dUk
=042  \\$aukblsr
=050  14$aHD9502.A1$bE5352
=082  04$a333.7916$223
=222  \0$aEnergy efficiency$b(Online)
=245  00$aEnergy efficiency$h[electronic resource].
=260  \\$aDordrecht :$bSpringer Netherlands
=310  \\$aQuarterly
=336  \\$atext$2rdacontent
=337  \\$acomputer$2rdamedia
=338  \\$aonline resource$2rdacarrier
=362  1\$aBegan with: Vol. 1, no. 1 (Feb. 2008).
=500  \\$aDescription based on: Vol. 1, no. 1 (Feb. 2008); title from journal home page (SpringerLink, viewed July 24, 2009).
=588  \\$aLatest issue consulted: Vol. 4, no. 4 (Nov. 2011) (viewed Sept. 21, 2011).
=540  \\$aCurrent copyright fee: GBP29.95$c22\1$5Uk
=650  \0$aEnergy conservation$vPeriodicals.
=650  \0$aEnergy consumption$vPeriodicals.
=650  \0$aEnergy policy$vPeriodicals.
=776  08$iAlso issued in print:$tEnergy efficiency$x1570-646X
=859  \\$aELD$bejournal
=856  \\$31850-9999$uhttp://www.springer.com/gb/$xBLDSS
=856  40$uhttp://www.springerlink.com/content/120908/
=859  \\$aXLD$bejournal
=852  41$aBritish Library$bDSC$j3747.586020$3Volume 1:Issue 1(2008)-Volume 11:Issue 3(2018)***See ESTAR for full holdings.
=852  41$aBritish Library$bHMNTS$jELD Digital store$3Volume 11:Issue 2(2018)-
=945  \\$aEnergy efficiency
=959  \\$fHeld but not currently received
=979  \\$aBritish Library$bDSC$j3747.586020
=CAT  \\$a7174$b40$c20080625$lBLL01$h0920
=CAT  \\$aBATCH-UPD$b00$c20150520$lBLL01$h1703
=CAT  \\$aIPL-CLA$c20150630$lBLL01$h1702
=CAT  \\$aBATCH-UPD$b00$c20150820$lBLL01$h1752
=CAT  \\$aIPL-CLA$c20150930$lBLL01$h1828
=CAT  \\$aBATCH-UPD$b00$c20160217$lBLL01$h1639
=CAT  \\$aIPL-CLA$c20160331$lBLL01$h1750
=CAT  \\$aBATCH-UPD$b00$c20160524$lBLL01$h2158
=CAT  \\$aBATCH-UPD$b00$c20160524$lBLL01$h2256
=CAT  \\$aBATCH-UPD$b00$c20160824$lBLL01$h1716
=CAT  \\$aIPL-CLA$c20160930$lBLL01$h1621
=CAT  \\$aBATCH-UPD$b00$c20170216$lBLL01$h1803
=CAT  \\$aIPL-CLA$c20170331$lBLL01$h1859
=CAT  \\$aBATCH-UPD$b00$c20170904$lBLL01$h1804
=CAT  \\$aIPL-CLA$c20170929$lBLL01$h1745
=CAT  \\$aBATCH-UPD$b00$c20180223$lBLL01$h1621
=CAT  \\$aIPL-CLA$c20180331$lBLL01$h1638
=CAT  \\$aW1805-0475$c20180520$lBLL01$h1632
=CAT  \\$aBATCH-UPD$b00$c20180524$lBLL01$h1653
=CAT  \\$aIPL-CLA$c20180630$lBLL01$h1926
=CAT  \\$aW1908-0780$b00$c20200730$lBLL01$h1331
=CAT  \\$a15190$b40$c20201030$lBLL01$h1201
=CAT  \\$aCDS21$c20220118$lBLL01$h1105
=CAT  \\$aBATCH-UPD$b00$c20221121$lBLL01$h1403
=CAT  \\$aIPL-CLA$c20221231$lBLL01$h1449
=CAT  \\$a5410$b40$c20230319$lBLL01$h1030
=CFI  0\$aCurrent copyright fee: GBP29.95$c22\1$e01-jan-2023$fGBP29.95$g0$hP$5Uk
=CFI  2\$aPrevious copyright fee: GBP34.00$c22\1$e01-jul-2018$fGBP34.00$g0$hP$5Uk
=EST  \\$a1
=FFP  \\$aY$bBLDSS-3PM
=FIN  \\$aY$d20110921
=MNI  \\$a1570-646X
=SID  \\$aZ39$bOCLC
=TCO  \\$aNLD$bSTICHTING REPRORECHT$c008
=TOC  \\$aETOC
=UNO  \\$aY
=ACF  \\$aPrevious copyright fee: GBP21.25$c13\1$e01-jan-2009$fGBP21.25$g0$hP$5Uk
=ACF  \\$aPrevious Copyright Fee: GBP16.75$c13\1$e25-jun-2008$fGBP16.75$g0$hP$5Uk
=ACF  \\$aPrevious copyright fee: GBP22.00$c13\1$e01-apr-2009$fGBP22.00$g0$hP$5Uk
=ACF  \\$aPrevious copyright fee: GBP22.00$c13\1$e12-aug-2012$fGBP22.00$g0$hP$5Uk
=ACF  \\$aPrevious copyright fee: GBP25.00$c13\1$e01-jan-2013$fGBP25.00$g0$hP$5Uk
=ACF  \\$aPrevious copyright fee: GBP25.77$c13\1$e01-jul-2013$fGBP25.77$g0$hP$5Uk
=ACF  \\$aPrevious copyright fee: GBP24.97$c13\1$e01-jan-2014$fGBP24.97$g0$hP$5Uk
=ACF  \\$aPrevious copyright fee: GBP24.21$c13\1$e01-jul-2014$fGBP24.21$g0$hP$5Uk
=ACF  \\$aPrevious copyright fee: GBP25.77$c13\1$e01-apr-2015$fGBP25.77$g0$hP$5Uk
=ACF  \\$aPrevious copyright fee: GBP26.63$c13\1$e01-jul-2015$fGBP26.63$g0$hP$5Uk
=ACF  \\$aPrevious copyright fee: GBP25.77$c13\1$e01-oct-2015$fGBP25.77$g0$hP$5Uk
=ACF  \\$aPrevious copyright fee: GBP27.55$c13\1$e01-apr-2016$fGBP27.55$g0$hP$5Uk
=ACF  \\$aPrevious copyright fee: GBP29.59$c13\1$e01-oct-2016$fGBP29.59$g0$hP$5Uk
=ACF  \\$aPrevious copyright fee: GBP31.96$c13\1$e01-apr-2017$fGBP31.96$g0$hP$5Uk
=ACF  \\$aPrevious copyright fee: GBP30.73$c13\1$e01-oct-2017$fGBP30.73$g0$hP$5Uk
=ACF  \\$aPrevious copyright fee: GBP28.54$c13\1$e01-apr-2018$fGBP28.54$g0$hP$5Uk
=LAS  \\$a5410$b40$c20230319$lBLL01$h1030

