=LDR  05491cas a2201261 a 4500
=001  014764142
=003  Uk
=005  20230310194059.0
=006  m\\\\\\\\d\\\\\\\\
=007  cr\|n|||||||||
=008  050614c19469999enkqr\p\o\o\\\0\\\a0eng\d
=FMT  \\$a  SE
=010  \\$a2007265280
=015  \\$aGBB5F3988$2bnb
=022  \\$a1874-933X
=035  \\$a(OCoLC)60623869
=035  \\$a(SFX)2007265280$z(SFX)110978977973476
=037  \\$a???$bSpringer
=040  \\$aUk$beng$cUk$dUk
=042  \\$aukblsr
=050  14$aQK1
=082  04$a580$222
=130  0\$aKew bulletin (Online)
=222  \0$aKew bulletin$b(Online)
=245  10$aKew bulletin$h[electronic resource].
=246  1\$iIssues for 1992- also have acronym title:$aKB
=260  \\$aLondon :$bH.M.S.O.
=260  2\$aNetherlands :$bSpringer Netherlands
=264  31$aLondon :$bSpringer London
=310  \\$aIrregular
=336  \\$atext$2rdacontent
=337  \\$acomputer$2rdamedia
=338  \\$aonline resource$2rdacarrier
=362  1\$aBegan publication with Vol. 1, no. 1 (1946).
=538  \\$aMode of access: World Wide Web.
=500  \\$aDescription based on first issue; title from cover (JSTOR, viewed Oct. 31, 2007).
=500  \\$aPublisher varies: The Stationery Office, 1996-1998; Trustees, Royal Botanic Gardens, Kew, 1999-.
=515  \\$aSuspended in 1959.
=525  \\$aAppendices accompany some issues.
=588  \\$aLatest issue consulted: volume 70, issue 4 (December 2015) (SpringerLink, viewed October 26, 2015).
=540  \\$aCurrent copyright fee: GBP29.95$c22\1$5Uk
=650  \0$aBotany$vPeriodicals.
=710  2\$aRoyal Botanic Gardens, Kew.
=776  08$iAlso issued in print:$tKew bulletin$x0075-5974
=859  \\$aELD$bejournal
=856  \\$31850-9999$uhttp://www.springer.com/gb/$xBLDSS
=856  40$uhttp://www.springerlink.com/content/120946/
=859  \\$aXLD$bejournal
=852  41$aBritish Library$bDSC$j5091.000000$3Volume 63:Issue 1(2008)-Volume 73:Issue 1(2018)***See ESTAR for full holdings.
=852  41$aBritish Library$bHMNTS$jELD Digital store$3Volume 70:Issue 3(2015:Sep.)-
=945  \\$aKew bulletin
=959  \\$fHeld but not currently received
=979  \\$aBritish Library$bDSC$j5091.000000
=CAT  \\$a8464$b40$c20080930$lBLL01$h0842
=CAT  \\$aBATCH-UPD$b00$c20150820$lBLL01$h1831
=CAT  \\$aIPL-CLA$c20150930$lBLL01$h1829
=CAT  \\$a11316$b40$c20151026$lBLL01$h1503
=CAT  \\$a11433$b40$c20151114$lBLL01$h1020
=CAT  \\$aBATCH-UPD$b40$c20160217$lBLL01$h1720
=CAT  \\$aIPL-CLA$c20160331$lBLL01$h1751
=CAT  \\$aBATCH-UPD$b00$c20160524$lBLL01$h2212
=CAT  \\$aBATCH-UPD$b00$c20160525$lBLL01$h0037
=CAT  \\$aBATCH-UPD$b00$c20160824$lBLL01$h1749
=CAT  \\$aIPL-CLA$c20160930$lBLL01$h1622
=CAT  \\$aBATCH-UPD$b00$c20170216$lBLL01$h1836
=CAT  \\$aIPL-CLA$c20170331$lBLL01$h1900
=CAT  \\$aBATCH-UPD$b00$c20170904$lBLL01$h1844
=CAT  \\$aIPL-CLA$c20170929$lBLL01$h1746
=CAT  \\$aW1711-1005$c20171206$lBLL01$h1821
=CAT  \\$aBATCH-UPD$b00$c20180223$lBLL01$h1704
=CAT  \\$aIPL-CLA$c20180331$lBLL01$h1640
=CAT  \\$aW1805-0475$c20180520$lBLL01$h1632
=CAT  \\$aBATCH-UPD$b00$c20180524$lBLL01$h1708
=CAT  \\$aIPL-CLA$c20180630$lBLL01$h1927
=CAT  \\$aW1908-0780$b00$c20200730$lBLL01$h1331
=CAT  \\$aCDS21$c20220118$lBLL01$h1105
=CAT  \\$aBATCH-UPD$b00$c20221121$lBLL01$h1403
=CAT  \\$aIPL-CLA$c20221231$lBLL01$h1449
=CAT  \\$a5410$b40$c20230310$lBLL01$h1940
=CFI  0\$aCurrent copyright fee: GBP29.95$c22\1$e01-jan-2023$fGBP29.95$g0$hP$5Uk
=CFI  2\$aPrevious copyright fee: GBP34.00$c22\1$e01-jul-2018$fGBP34.00$g0$hP$5Uk
=EST  \\$a1
=FFP  \\$aY$bBLDSS-3PM
=FIN  \\$aY$d20081106
=LET  \0$aKew bulletin (Electronic)
=LKR  \\$aPAR$b012091827$lBLL01$r776$mKew bulletin (Online)$nKew bulletin (Print)
=MNI  \\$a0075-5974
=SID  \\$aZ39$bOXFORD
=TCO  \\$aCLA$bCLA$c008
=TOC  \\$aETOC
=UNO  \\$aY
=ACF  \\$aPrevious copyright fee: GBP21.25$c22\1$e01-jan-2009$fGBP21.25$g0$hP$5Uk
=ACF  \\$aPrevious copyright fee: GBP16.75$c22\1$e30-sep-2008$fGBP16.75$g0$hP$5Uk
=ACF  \\$aPrevious copyright fee: GBP22.00$c22\1$e01-apr-2009$fGBP22.00$g0$hP$5Uk
=ACF  \\$aPrevious copyright fee: GBP22.00$c22\1$e12-aug-2012$fGBP22.00$g0$hP$5Uk
=ACF  \\$aPrevious copyright fee: GBP25.00$c22\1$e01-jan-2013$fGBP25.00$g0$hP$5Uk
=ACF  \\$aPrevious copyright fee: GBP25.77$c22\1$e01-jul-2013$fGBP25.77$g0$hP$5Uk
=ACF  \\$aPrevious copyright fee: GBP24.97$c22\1$e01-jan-2014$fGBP24.97$g0$hP$5Uk
=ACF  \\$aPrevious copyright fee: GBP24.21$c22\1$e01-jul-2014$fGBP24.21$g0$hP$5Uk
=ACF  \\$aPrevious copyright fee: GBP25.77$c22\1$e01-apr-2015$fGBP25.77$g0$hP$5Uk
=ACF  \\$aPrevious copyright fee: GBP26.63$c22\1$e01-jul-2015$fGBP26.63$g0$hP$5Uk
=ACF  \\$aPrevious copyright fee: GBP25.77$c22\1$e01-oct-2015$fGBP25.77$g0$hP$5Uk
=ACF  \\$aPrevious copyright fee: GBP27.55$c22\1$e01-apr-2016$fGBP27.55$g0$hP$5Uk
=ACF  \\$aPrevious copyright fee: GBP29.59$c22\1$e01-oct-2016$fGBP29.59$g0$hP$5Uk
=ACF  \\$aPrevious copyright fee: GBP31.96$c22\1$e01-apr-2017$fGBP31.96$g0$hP$5Uk
=ACF  \\$aPrevious copyright fee: GBP30.73$c22\1$e01-oct-2017$fGBP30.73$g0$hP$5Uk
=ACF  \\$aPrevious copyright fee: GBP28.54$c22\1$e01-apr-2018$fGBP28.54$g0$hP$5Uk
=LAS  \\$a5410$b40$c20230310$lBLL01$h1940

