=LDR  05166cas a2201117 a 4500
=001  014875867
=003  Uk
=005  20230401113229.0
=006  m\\\\\\\\d\\\\\\\\
=007  cr\|||||||||||
=008  090112c20099999xxumr\p\s\\\\\0\\\a0eng\\
=FMT  \\$a  SE
=022  \\$a1866-6906
=037  \\$a???$bSpringer
=040  \\$aUk$beng$cUk
=042  \\$aukblsr
=082  04$a621.362$222
=130  0\$aJournal of infrared millimeter and terahertz waves (Online)
=245  10$aJournal of infrared millimeter and terahertz waves$h[electronic resource].
=246  1\$iPDF running title:$aJ infrared milli terahertz waves
=260  \\$aNew York, N.Y. :$bSpringer
=310  \\$aMonthly
=336  \\$atext$2rdacontent
=337  \\$acomputer$2rdamedia
=338  \\$aonline resource$2rdacarrier
=362  1\$aBegan with Vol. 30, issue 1 (Jan. 2009).
=538  \\$aMode of access: World Wide Web.
=500  \\$aTitle from contents page (SpringerLink, viewed on Jan. 22, 2009).
=540  \\$aCurrent copyright fee: GBP29.95$c22\1$5Uk
=650  \0$aInfra-red waves$vPeriodicals.
=650  \0$aInfrared technology$vPeriodicals.
=650  \0$aMillimeter waves$vPeriodicals.
=650  \0$aMillimeter wave devices$vPeriodicals.
=776  0\$tJournal of infrared, millimeter and terahertz waves$c(Print)$x1866-6892
=780  00$tInternational journal of infrared and millimeter waves (Online)$x1572-9559
=859  \\$aELD$bejournal
=856  \\$31850-9999$uhttp://www.springer.com/gb/$xBLDSS
=856  40$uhttp://www.springerlink.com/content/121354/?p=f216f50bf40d4691b27640d342909df7&pi=0
=859  \\$aXLD$bejournal
=852  41$aBritish Library$bDSC$j5006.855000$3Volume 30:Issue 1(2009)-Volume 39:Issue 4(2018)***See ESTAR for full holdings.
=852  41$aBritish Library$bHMNTS$jELD Digital store$3Volume 39:Issue 3(2018)-
=945  \\$aJournal of infrared millimeter and terahertz waves
=959  \\$fHeld but not currently received
=979  \\$aBritish Library$bDSC$j5006.855000
=CAT  \\$a8464$b40$c20090112$lBLL01$h1055
=CAT  \\$aBATCH-UPD$b00$c20150820$lBLL01$h1831
=CAT  \\$aIPL-CLA$c20150930$lBLL01$h1830
=CAT  \\$aBATCH-UPD$b00$c20160217$lBLL01$h1720
=CAT  \\$aIPL-CLA$c20160331$lBLL01$h1753
=CAT  \\$aBATCH-UPD$b00$c20160524$lBLL01$h2213
=CAT  \\$aBATCH-UPD$b00$c20160525$lBLL01$h0039
=CAT  \\$aBATCH-UPD$b00$c20160824$lBLL01$h1749
=CAT  \\$aIPL-CLA$c20160930$lBLL01$h1623
=CAT  \\$aBATCH-UPD$b00$c20170216$lBLL01$h1836
=CAT  \\$aIPL-CLA$c20170331$lBLL01$h1901
=CAT  \\$aBATCH-UPD$b00$c20170904$lBLL01$h1844
=CAT  \\$aIPL-CLA$c20170929$lBLL01$h1747
=CAT  \\$aBATCH-UPD$b00$c20180223$lBLL01$h1705
=CAT  \\$aIPL-CLA$c20180331$lBLL01$h1641
=CAT  \\$aW1805-0475$c20180520$lBLL01$h1632
=CAT  \\$aBATCH-UPD$b00$c20180524$lBLL01$h1708
=CAT  \\$a8874$b40$c20180531$lBLL01$h1446
=CAT  \\$aIPL-CLA$c20180630$lBLL01$h1928
=CAT  \\$aW1908-0780$b00$c20200730$lBLL01$h1331
=CAT  \\$a5552$b40$c20200818$lBLL01$h1429
=CAT  \\$a15190$b40$c20210217$lBLL01$h1604
=CAT  \\$aCDS21$c20220118$lBLL01$h1105
=CAT  \\$aBATCH-UPD$b00$c20221121$lBLL01$h1403
=CAT  \\$aIPL-CLA$c20221231$lBLL01$h1449
=CAT  \\$a5410$b40$c20230401$lBLL01$h1132
=CFI  0\$aCurrent copyright fee: GBP29.95$c22\1$e01-jan-2023$fGBP29.95$g0$hP$5Uk
=CFI  2\$aPrevious copyright fee: GBP34.00$c22\1$e01-jul-2018$fGBP34.00$g0$hP$5Uk
=EST  \\$a1
=FFP  \\$aY$bBLDSS-3PM
=FIN  \\$aY$d20090122
=LET  \0$aJournal of infrared millimeter and terahertz waves (Online)
=LKR  \\$aPAR$b012433484$lBLL01$r78000$mJournal of infrared millimeter and terahertz waves$nInternational journal of infrared and millimeter waves (Dordrecht. Online)
=MNI  \\$a1866-6892
=TCO  \\$aTRS$bCCC$c008
=TOC  \\$aETOC
=UNO  \\$aY
=ACF  \\$aPrevious copyright fee: GBP22.00$c22\1$e12-jan-2009$fGBP22.00$g0$hP$5Uk
=ACF  \\$aPrevious copyright fee: GBP22.00$c22\1$e12-aug-2012$fGBP22.00$g0$hP$5Uk
=ACF  \\$aPrevious copyright fee: GBP25.00$c22\1$e01-jan-2013$fGBP25.00$g0$hP$5Uk
=ACF  \\$aPrevious copyright fee: GBP25.77$c22\1$e01-jul-2013$fGBP25.77$g0$hP$5Uk
=ACF  \\$aPrevious copyright fee: GBP24.97$c22\1$e01-jan-2014$fGBP24.97$g0$hP$5Uk
=ACF  \\$aPrevious copyright fee: GBP24.21$c22\1$e01-jul-2014$fGBP24.21$g0$hP$5Uk
=ACF  \\$aPrevious copyright fee: GBP25.77$c22\1$e01-apr-2015$fGBP25.77$g0$hP$5Uk
=ACF  \\$aPrevious copyright fee: GBP26.63$c22\1$e01-jul-2015$fGBP26.63$g0$hP$5Uk
=ACF  \\$aPrevious copyright fee: GBP25.77$c22\1$e01-oct-2015$fGBP25.77$g0$hP$5Uk
=ACF  \\$aPrevious copyright fee: GBP27.55$c22\1$e01-apr-2016$fGBP27.55$g0$hP$5Uk
=ACF  \\$aPrevious copyright fee: GBP29.59$c22\1$e01-oct-2016$fGBP29.59$g0$hP$5Uk
=ACF  \\$aPrevious copyright fee: GBP31.96$c22\1$e01-apr-2017$fGBP31.96$g0$hP$5Uk
=ACF  \\$aPrevious copyright fee: GBP30.73$c22\1$e01-oct-2017$fGBP30.73$g0$hP$5Uk
=ACF  \\$aPrevious copyright fee: GBP28.54$c22\1$e01-apr-2018$fGBP28.54$g0$hP$5Uk
=LAS  \\$a5410$b40$c20230401$lBLL01$h1132

