=LDR  05298cas a2201213 a 4500
=001  014908258
=003  Uk
=005  20230322110436.0
=006  m\\\\\o\\d\\\\\\\\
=007  cr||||||||||||
=008  090225c20099999ja\mx\p\o\\\\\0\\\a0eng\c
=FMT  \\$a  SE
=010  \\$a2009254007
=016  7\$a2488919-2$2DE-600
=022  \\$a1867-108X
=035  \\$a(OCoLC)310805225
=037  \\$a???$bSpringer
=040  \\$aHNK$beng$cHNK$dHNK$dCUS$dHEBIS$dCLU$dOCLCQ$dUk
=042  \\$aukblsr
=050  14$aRM845
=082  04$a616.0757$223
=130  0\$aJapanese journal of radiology (Online)
=210  0\$aJpn. j. radiol.$b(Internet)
=222  \0$aJapanese journal of radiology$b(Internet)
=245  10$aJapanese journal of radiology$h[electronic resource].
=246  13$aJpn. j. radiol
=246  13$aJJR
=260  \\$aTokyo, Japan :$bSpringer
=336  \\$atext$2rdacontent
=337  \\$acomputer$2rdamedia
=338  \\$aonline resource$2rdacarrier
=362  1\$aBegan with: Vol. 27, no. 1 (Jan. 2009).
=588  \\$aDescription based on: Vol. 27, no. 1 (Jan. 2009); title from title screen (SpringerLink, viewed Feb. 26, 2009).
=588  \\$aLatest issue consulted: volume 31, issue 7 (July 2013) (viewed July 24, 2013).
=540  \\$aCurrent copyright fee: GBP34.95$c22\1$5Uk
=650  \0$aRadiology$vPeriodicals.
=650  \0$aTumors$xRadiotherapy$vPeriodicals.
=650  \0$aRadioisotope scanning$vPeriodicals.
=650  \0$aRadiotherapy$vPeriodicals.
=776  08$iPrint version:$tJapanese journal of radiology$x1867-1071
=780  00$tRadiation medicine (Online)$x1862-5274
=859  \\$aELD$bejournal
=856  \\$31850-9999$uhttp://www.springer.com/gb/$xBLDSS
=856  40$uhttp://link.springer.com/journal/11604
=859  \\$aXLD$bejournal
=852  41$aBritish Library$bDSC$j4658.507000$3Volume 27:Issue 1(2009)-Volume 36:Issue 3(2018)***See ESTAR for full holdings.
=852  41$aBritish Library$bHMNTS$jELD Digital store$3Volume 36:Issue 2(2018)-
=945  \\$aJapanese journal of radiology
=959  \\$fHeld but not currently received
=979  \\$aBritish Library$bDSC$j4658.507000
=CAT  \\$a6811$b40$c20090217$lBLL01$h1437
=CAT  \\$aIPL-CLA$c20150930$lBLL01$h1831
=CAT  \\$aBATCH-UPD$b00$c20160217$lBLL01$h1742
=CAT  \\$aIPL-CLA$c20160331$lBLL01$h1753
=CAT  \\$aBATCH-UPD$b00$c20160524$lBLL01$h2213
=CAT  \\$aBATCH-UPD$b00$c20160525$lBLL01$h0039
=CAT  \\$aBATCH-UPD$b00$c20160824$lBLL01$h1808
=CAT  \\$aIPL-CLA$c20160930$lBLL01$h1624
=CAT  \\$aBATCH-UPD$b00$c20170216$lBLL01$h1857
=CAT  \\$aIPL-CLA$c20170331$lBLL01$h1901
=CAT  \\$aBATCH-UPD$b00$c20170904$lBLL01$h1907
=CAT  \\$aIPL-CLA$c20170929$lBLL01$h1748
=CAT  \\$aBATCH-UPD$b00$c20180223$lBLL01$h1740
=CAT  \\$aIPL-CLA$c20180331$lBLL01$h1642
=CAT  \\$aW1805-0475$c20180520$lBLL01$h1632
=CAT  \\$aBATCH-UPD$b00$c20180524$lBLL01$h1726
=CAT  \\$a8874$b40$c20180531$lBLL01$h1447
=CAT  \\$aIPL-CLA$c20180630$lBLL01$h1928
=CAT  \\$aW1908-0780$b00$c20200730$lBLL01$h1332
=CAT  \\$a15190$b40$c20210106$lBLL01$h1510
=CAT  \\$a5552$b40$c20210816$lBLL01$h1052
=CAT  \\$aIPL-CLA$c20210930$lBLL01$h1528
=CAT  \\$aCDS21$c20220118$lBLL01$h1105
=CAT  \\$aBATCH-UPD$b00$c20221121$lBLL01$h1412
=CAT  \\$aIPL-CLA$c20221231$lBLL01$h1449
=CAT  \\$a5410$b40$c20230322$lBLL01$h1104
=CFI  0\$aCurrent copyright fee: GBP34.95$c22\1$e01-jan-2023$fGBP34.95$g0$hP$5Uk
=CFI  2\$aPrevious copyright fee: GBP43.00$c22\1$e01-oct-2021$fGBP43.00$g0$hP$5Uk
=EST  \\$a1
=FFP  \\$aY$bBLDSS-3PM
=FIN  \\$aY$d20130724
=LKR  \\$aPAR$b013500714$lBLL01$r78000$mJapanese journal of radiology (Online)$nRadiation medicine (Online)
=MNI  \\$a1867-1071
=SID  \\$aZ39$bOCLC
=TCO  \\$aZZZ$c008
=TCO  \\$aJPN$bJAACC$c008
=TOC  \\$aETOC
=UNO  \\$aY
=ACF  \\$aPrevious copyright fee: GBP22.00$c23\2$e17-feb-2009$fGBP22.00$g0$hP$5Uk
=ACF  \\$aPrevious copyright fee: GBP22.00$c23\2$e12-aug-2012$fGBP22.00$g0$hP$5Uk
=ACF  \\$aPrevious copyright fee: GBP25.00$c23\2$e01-jan-2013$fGBP25.00$g0$hP$5Uk
=ACF  \\$aPrevious copyright fee: GBP25.77$c23\2$e01-jul-2013$fGBP25.77$g0$hP$5Uk
=ACF  \\$aPrevious copyright fee: GBP24.97$c23\2$e01-jan-2014$fGBP24.97$g0$hP$5Uk
=ACF  \\$aPrevious copyright fee: GBP24.21$c23\2$e01-jul-2014$fGBP24.21$g0$hP$5Uk
=ACF  \\$aPrevious copyright fee: GBP25.77$c23\2$e01-apr-2015$fGBP25.77$g0$hP$5Uk
=ACF  \\$aPrevious copyright fee: GBP26.63$c23\2$e01-jul-2015$fGBP26.63$g0$hP$5Uk
=ACF  \\$aPrevious copyright fee: GBP25.77$c23\2$e01-oct-2015$fGBP25.77$g0$hP$5Uk
=ACF  \\$aPrevious copyright fee: GBP27.55$c23\2$e01-apr-2016$fGBP27.55$g0$hP$5Uk
=ACF  \\$aPrevious copyright fee: GBP29.59$c23\2$e01-oct-2016$fGBP29.59$g0$hP$5Uk
=ACF  \\$aPrevious copyright fee: GBP31.96$c23\2$e01-apr-2017$fGBP31.96$g0$hP$5Uk
=ACF  \\$aPrevious copyright fee: GBP30.73$c23\2$e01-oct-2017$fGBP30.73$g0$hP$5Uk
=ACF  \\$aPrevious copyright fee: GBP28.54$c23\2$e01-apr-2018$fGBP28.54$g0$hP$5Uk
=ACF  \\$aPrevious copyright fee: GBP34.00$c22\1$e01-jul-2018$fGBP34.00$g0$hP$5Uk
=LAS  \\$a5410$b40$c20230322$lBLL01$h1104

