=LDR  04921cas a2201093 a 4500
=001  014931384
=003  Uk
=005  20230421202224.0
=006  m\\\\\\\\|\\\\\\\\
=007  cr\|||||||||||
=008  090225c20099999gw\||\p\s\\\\\|\\\\0eng\d
=FMT  \\$a  SE
=022  0\$a1436-736X
=035  \\$a(OCoLC)310819526
=037  \\$a???$bSpringer
=040  \\$aHNK$cHNK$dHNK$dNLGGC$dUk
=042  \\$aukblsr
=082  04$a620.1205$222
=084  \\$a51.99$2bcl
=130  0\$aEuropean journal of wood and wood products (Online)
=245  10$aEuropean journal of wood and wood products$h[electronic resource].
=246  1\$iIssues from some providers have title:$aHolz als Roh- und Werkstoff
=246  13$aEur. j. wood prod
=260  \\$aBerlin :$bSpringer
=336  \\$atext$2rdacontent
=337  \\$acomputer$2rdamedia
=338  \\$aonline resource$2rdacarrier
=362  1\$aBegan with vol. 67, no. 1 (Feb. 2009).
=500  \\$aDescription based on: Vol. 67, no. 1 (Feb. 2009); title from journal home page (viewed Feb. 26, 2009).
=540  \\$aCurrent copyright fee: GBP29.95$c22\1$5Uk
=650  \0$aWood$vPeriodicals.
=776  08$iPrint version:$tEuropean journal of wood and wood products
=780  00$tHolz als Roh- und Werkstoff (Online)$x1436-736X
=859  \\$aELD$bejournal
=856  \\$31850-9999$uhttp://www.springer.com/gb/$xBLDSS
=856  40$uhttp://www.springerlink.com/content/102503/
=859  \\$aXLD$bejournal
=852  41$aBritish Library$bDSC$j3829.747360$3Volume 56:Issue 6(1998)-Volume 76:Issue 2(2018)***See ESTAR for full holdings.
=852  41$aBritish Library$bHMNTS$jELD Digital store$3Volume 76:Issue 3(2018)-
=945  \\$aEuropean journal of wood and wood products
=959  \\$fHeld but not currently received
=979  \\$aBritish Library$bDSC$j3829.747360
=CAT  \\$a11033$b40$c20090317$lBLL01$h1458
=CAT  \\$aIPL-CLA$c20150630$lBLL01$h1704
=CAT  \\$aBATCH-UPD$b00$c20150820$lBLL01$h1839
=CAT  \\$aIPL-CLA$c20150930$lBLL01$h1831
=CAT  \\$aBATCH-UPD$b00$c20160217$lBLL01$h1729
=CAT  \\$aIPL-CLA$c20160331$lBLL01$h1753
=CAT  \\$aBATCH-UPD$b00$c20160524$lBLL01$h2213
=CAT  \\$aBATCH-UPD$b00$c20160525$lBLL01$h0040
=CAT  \\$aBATCH-UPD$b00$c20160824$lBLL01$h1756
=CAT  \\$aIPL-CLA$c20160930$lBLL01$h1624
=CAT  \\$aBATCH-UPD$b00$c20170216$lBLL01$h1844
=CAT  \\$aIPL-CLA$c20170331$lBLL01$h1902
=CAT  \\$aBATCH-UPD$b00$c20170904$lBLL01$h1853
=CAT  \\$aIPL-CLA$c20170929$lBLL01$h1748
=CAT  \\$aBATCH-UPD$b00$c20180223$lBLL01$h1724
=CAT  \\$aIPL-CLA$c20180331$lBLL01$h1642
=CAT  \\$aW1805-0475$c20180520$lBLL01$h1632
=CAT  \\$aBATCH-UPD$b00$c20180524$lBLL01$h1715
=CAT  \\$aIPL-CLA$c20180630$lBLL01$h1928
=CAT  \\$aW1908-0780$b00$c20200730$lBLL01$h1332
=CAT  \\$a5552$b40$c20200818$lBLL01$h1429
=CAT  \\$a15190$b40$c20201105$lBLL01$h1020
=CAT  \\$aCDS21$c20220118$lBLL01$h1105
=CAT  \\$aBATCH-UPD$b00$c20221121$lBLL01$h1403
=CAT  \\$aIPL-CLA$c20221231$lBLL01$h1449
=CAT  \\$a5410$b40$c20230421$lBLL01$h2022
=CFI  0\$aCurrent copyright fee: GBP29.95$c22\1$e01-jan-2023$fGBP29.95$g0$hP$5Uk
=CFI  2\$aPrevious copyright fee: GBP34.00$c22\1$e01-jul-2018$fGBP34.00$g0$hP$5Uk
=EST  \\$a1
=FFP  \\$aY$bBLDSS-3PM
=FIN  \\$aY$d20090630
=LKR  \\$aPAR$b014928071$lBLL01$r776$mEuropean journal of wood and wood products$nEuropean journal of wood and wood products : Holz als Roh- und Werkstoff.
=MNI  \\$a0018-3768
=SID  \\$aZ39$bOCLC
=TCO  \\$aDEU$bVG WORT$c008
=TOC  \\$aETOC
=UNO  \\$aY
=ACF  \\$aPrevious copyright fee: GBP22.00$c22\3$e17-mar-2009$fGBP22.00$g0$hP$5Uk
=ACF  \\$aPrevious copyright fee: GBP22.00$c22\3$e12-aug-2012$fGBP22.00$g0$hP$5Uk
=ACF  \\$aPrevious copyright fee: GBP25.00$c22\3$e01-jan-2013$fGBP25.00$g0$hP$5Uk
=ACF  \\$aPrevious copyright fee: GBP25.77$c22\3$e01-jul-2013$fGBP25.77$g0$hP$5Uk
=ACF  \\$aPrevious copyright fee: GBP24.97$c22\3$e01-jan-2014$fGBP24.97$g0$hP$5Uk
=ACF  \\$aPrevious copyright fee: GBP24.21$c22\3$e01-jul-2014$fGBP24.21$g0$hP$5Uk
=ACF  \\$aPrevious copyright fee: GBP25.77$c22\3$e01-apr-2015$fGBP25.77$g0$hP$5Uk
=ACF  \\$aPrevious copyright fee: GBP26.63$c22\3$e01-jul-2015$fGBP26.63$g0$hP$5Uk
=ACF  \\$aPrevious copyright fee: GBP25.77$c22\3$e01-oct-2015$fGBP25.77$g0$hP$5Uk
=ACF  \\$aPrevious copyright fee: GBP27.55$c22\3$e01-apr-2016$fGBP27.55$g0$hP$5Uk
=ACF  \\$aPrevious copyright fee: GBP29.59$c22\3$e01-oct-2016$fGBP29.59$g0$hP$5Uk
=ACF  \\$aPrevious copyright fee: GBP31.96$c22\3$e01-apr-2017$fGBP31.96$g0$hP$5Uk
=ACF  \\$aPrevious copyright fee: GBP30.73$c22\3$e01-oct-2017$fGBP30.73$g0$hP$5Uk
=ACF  \\$aPrevious copyright fee: GBP28.54$c22\3$e01-apr-2018$fGBP28.54$g0$hP$5Uk
=LAS  \\$a5410$b40$c20230421$lBLL01$h2022

