=LDR  06358cas a2201345 a 4500
=001  013101104
=003  Uk
=005  20221231144604.0
=006  m\\\\\\\\d\\\\\\\\
=007  cr\cnu||||||||
=008  990426c19979999gw\mr\p\o\\\\\0\\\a0eng\c
=FMT  \\$a  SE
=010  \\$a2008233447
=022  0\$a1435-1528$l0035-4511$y0035-4511$26
=030  \\$aRHEAAK
=035  \\$a(OCoLC)41248569$z(OCoLC)123402190
=037  \\$a???$bSpringer
=040  \\$aDLM$beng$cDLM$dRCE$dOCLCQ$dGUA$dCUD$dOCL$dOCLCQ$dCLU$dOCLCQ$dUk
=042  \\$aukblsr
=050  14$aQC189.5
=082  04$a531.113405$223
=130  0\$aRheologica acta (Online)
=210  0\$aRheol. acta$b(Internet)
=222  \0$aRheologica acta$b(Internet)
=245  10$aRheologica acta$h[electronic resource].
=260  \\$aBerlin ;$aHeidelberg :$bSpringer
=310  \\$aMonthly,$b<2010->
=321  \\$aFrequency varies,$b-2006
=321  \\$a9 issues per year,$b2007-
=336  \\$atext$2rdacontent
=337  \\$acomputer$2rdamedia
=338  \\$aonline resource$2rdacarrier
=362  1\$aPrint began with vol. 1, no. 1 (May 1958).
=546  \\$aText and summaries in English, French, or German.
=550  \\$aOfficial journal of:the European Society of Rheology and nineteen other societies, <2010->.
=550  \\$aSupported by: Australian Society of Rheology and five other societies, <2010->.
=588  \\$aDescription based on: Vol. 36, no. 1 (Jan. 1997); title from contents screen (SpringerLink, viewed May 7, 2008).
=588  \\$aLatest issue consulted: Vol. 51, no. 4 (Apr. 2012) (viewed Apr. 3, 2012).
=540  \\$aCurrent copyright fee: GBP29.95$c22\1$5Uk
=650  \0$aRheology$vPeriodicals.
=650  \6$aRhéologie$vPériodiques.
=650  17$aReologie.$2gtt
=655  \0$aElectronic journals.
=710  2\$aEuropean Society of Rheology.
=710  2\$aAustralian Society of Rheology.
=776  08$iPrint version:$tRheologica acta$x0035-4511
=859  \\$aELD$bejournal
=856  \\$31850-9999$uhttp://www.springer.com/gb/$xBLDSS
=856  40$3HathiTrust Digital Library$uhttp://catalog.hathitrust.org/api/volumes/oclc/1764267.html
=856  40$uhttp://firstsearch.oclc.org$zAddress for accessing the journal using authorization number and password through OCLC FirstSearch Electronic Collections Online
=856  40$uhttp://firstsearch.oclc.org/journal=0035-4511;screen=info;ECOIP$zAddress for accessing the journal from an authorized IP address through OCLC FirstSearch Electronic Collections Online
=856  40$uhttp://link.springer.de/link/service/journals/00397/index.htm
=856  40$uhttp://www.springerlink.com/content/0035-4511/
=859  \\$aXLD$bejournal
=852  41$aBritish Library$bDSC$j7960.300000$3Volume 41:Issue 4(2002)-Volume 57:Issue 3(2018)***See ESTAR for full holdings.
=852  41$aBritish Library$bHMNTS$jELD Digital store$3Volume 57:Issue 1(2018)-
=945  \\$aRheologica acta
=959  \\$fHeld but not currently received
=979  \\$aBritish Library$bDSC$j7960.300000
=CAT  \\$a8335$b40$c20050202$lBLL01$h1155
=CAT  \\$aBATCH-UPD$b00$c20150520$lBLL01$h1750
=CAT  \\$aIPL-CLA$c20150630$lBLL01$h1646
=CAT  \\$aBATCH-UPD$b00$c20150820$lBLL01$h1837
=CAT  \\$aIPL-CLA$c20150930$lBLL01$h1806
=CAT  \\$aBATCH-UPD$b00$c20160217$lBLL01$h1727
=CAT  \\$aIPL-CLA$c20160331$lBLL01$h1727
=CAT  \\$aBATCH-UPD$b00$c20160524$lBLL01$h2210
=CAT  \\$aBATCH-UPD$b00$c20160525$lBLL01$h0020
=CAT  \\$aBATCH-UPD$b00$c20160824$lBLL01$h1755
=CAT  \\$aIPL-CLA$c20160930$lBLL01$h1603
=CAT  \\$aBATCH-UPD$b00$c20170216$lBLL01$h1843
=CAT  \\$aIPL-CLA$c20170331$lBLL01$h1844
=CAT  \\$aBATCH-UPD$b00$c20170904$lBLL01$h1851
=CAT  \\$aIPL-CLA$c20170929$lBLL01$h1729
=CAT  \\$aBATCH-UPD$b00$c20180223$lBLL01$h1720
=CAT  \\$aIPL-CLA$c20180331$lBLL01$h1620
=CAT  \\$aW1805-0475$c20180520$lBLL01$h1631
=CAT  \\$aBATCH-UPD$b00$c20180524$lBLL01$h1714
=CAT  \\$aIPL-CLA$c20180630$lBLL01$h1916
=CAT  \\$aW1908-0780$b00$c20200730$lBLL01$h1328
=CAT  \\$a15190$b40$c20210409$lBLL01$h1132
=CAT  \\$aCDS21$c20220118$lBLL01$h1105
=CAT  \\$aBATCH-UPD$b00$c20221121$lBLL01$h1400
=CAT  \\$a5410$b40$c20221212$lBLL01$h1130
=CAT  \\$aIPL-CLA$c20221231$lBLL01$h1446
=CFI  0\$aCurrent copyright fee: GBP29.95$c22\1$e01-jan-2023$fGBP29.95$g0$hP$5Uk
=CFI  2\$aPrevious copyright fee: GBP34.00$c22\1$e01-jul-2018$fGBP34.00$g0$hP$5Uk
=EST  \\$a1
=FFP  \\$aY$bBLDSS-3PM
=FIN  \\$aY$d20120403
=LKR  \\$aPAR$b009225876$lBLL01$r776$mRheologica acta (Online)$nRheologica acta (Print)
=MNI  \\$a0035-4511
=SID  \\$aZ39$bOCLC
=TCO  \\$aZZZ$c008
=TCO  \\$aDEU$bVG WORT$c008
=TOC  \\$aETOC
=UNO  \\$aY
=ACF  \\$aPrevious copyright fee: GBP16.67$c22\3$e01-jan-2006$fGBP16.67$g0$hP$5Uk
=ACF  \\$aPrevious copyright fee: GBP16.22$c22\3$e01-apr-2005$fGBP16.22$g0$hP$5Uk
=ACF  \\$aPrevious copyright fee: GBP16.67$c22\3$e01-jan-2005$fGBP16.67$g0$hP$5Uk
=ACF  \\$aPrevious copyright fee: GBP17.14$c22\3$e01-apr-2006$fGBP17.14$g0$hP$5Uk
=ACF  \\$aPrevious copyright fee: GBP22.00$c22\3$e12-aug-2012$fGBP22.00$g0$hP$5Uk
=ACF  \\$aPrevious copyright fee: GBP25.00$c22\3$e01-jan-2013$fGBP25.00$g0$hP$5Uk
=ACF  \\$aPrevious copyright fee: GBP25.77$c22\3$e01-jul-2013$fGBP25.77$g0$hP$5Uk
=ACF  \\$aPrevious copyright fee: GBP24.97$c22\3$e01-jan-2014$fGBP24.97$g0$hP$5Uk
=ACF  \\$aPrevious copyright fee: GBP24.21$c22\3$e01-jul-2014$fGBP24.21$g0$hP$5Uk
=ACF  \\$aPrevious copyright fee: GBP25.77$c22\3$e01-apr-2015$fGBP25.77$g0$hP$5Uk
=ACF  \\$aPrevious copyright fee: GBP26.63$c22\3$e01-jul-2015$fGBP26.63$g0$hP$5Uk
=ACF  \\$aPrevious copyright fee: GBP25.77$c22\3$e01-oct-2015$fGBP25.77$g0$hP$5Uk
=ACF  \\$aPrevious copyright fee: GBP27.55$c22\3$e01-apr-2016$fGBP27.55$g0$hP$5Uk
=ACF  \\$aPrevious copyright fee: GBP29.59$c22\3$e01-oct-2016$fGBP29.59$g0$hP$5Uk
=ACF  \\$aPrevious copyright fee: GBP31.96$c22\3$e01-apr-2017$fGBP31.96$g0$hP$5Uk
=ACF  \\$aPrevious copyright fee: GBP30.73$c22\3$e01-oct-2017$fGBP30.73$g0$hP$5Uk
=ACF  \\$aPrevious copyright fee: GBP28.54$c22\3$e01-apr-2018$fGBP28.54$g0$hP$5Uk
=LAS  \\$aIPL-CLA$b00$c20221231$lBLL01$h1446

