=LDR  06919cas a2201441 a 4500
=001  012433068
=003  Uk
=005  20230113113142.0
=006  m\\\\fo\\d\\\\\\\\
=007  cr\|||||||||||
=008  040410c19709999nyumr\p\o\\\\\0\\\a0eng\\
=FMT  \\$a  SE
=019  c\$a102074246
=022  \\$a1572-9532
=037  \\$a???$bSpringer
=040  \\$aUk$cUk$dUk
=042  \\$aukblsr
=082  04$a530.11$222
=130  0\$aGeneral relativity and gravitation (Online)
=210  0\$aGen. relativ. gravit.$b(Dordr., Online)
=222  \0$aGeneral relativity and gravitation$b(Dordrecht. Online)
=245  10$aGeneral relativity and gravitation$h[electronic resource].
=246  3\$aGRG
=260  2\$3[1970]-Sept. 2004 :$a[London, UK ;$aNew York, N.Y. :$bPlenum Pub. Corp.]
=260  3\$3Oct. 2004- :$a[New York, N.Y] :$bSpringer Science+Business Media, Inc.
=310  \\$aMonthly,$b1976-
=321  \\$aFrequency varies,$b1970-1975
=336  \\$atext$2rdacontent
=337  \\$acomputer$2rdamedia
=338  \\$aonline resource$2rdacarrier
=362  1\$aPrint version began with: Vol. 1, no. 1 (1970).
=515  \\$aSome numbers issued in combined form.
=538  \\$aMode of access: World Wide Web.
=550  \\$aPublished under the auspices of the International Committee on General Relativity and Gravitation.
=595  \\$aABSORBS 2854.89 SEE ALSO SERIAL RECORDS KCC MAN AND KCS SE.
=540  \\$aCurrent copyright fee: GBP29.95$c22\1$5Uk
=650  \0$aGeneral relativity (Physics)$vPeriodicals.
=650  \0$aGravitation$vPeriodicals.
=655  \0$aElectronic journals.
=710  2\$aInternational Society on General Relativity and Gravitation.
=776  08$iPrint version:$tGeneral relativity and gravitation$x0001-7701
=780  00$tBulletin on general relativity and gravitation (Online)$x1662-5390
=859  \\$aELD$bejournal
=856  \\$31850-9999$uhttp://www.springer.com/gb/$xBLDSS
=856  40$3Google$uhttp://books.google.com/books?id=PO9MAQAAIAAJ
=856  40$3HathiTrust Digital Library Limited view (search only)$uhttp://catalog.hathitrust.org/api/volumes/oclc/1794406.html
=856  40$uhttp://link.springer.com/journal/10714
=856  40$uhttp://www.springerlink.com/content/101151/
=859  \\$aXLD$bejournal
=852  41$aBritish Library$bDSC$j4109.650000$3Volume 29:Issue 1(1997)-Volume 50:Issue 4(2018)***See ESTAR for full holdings.
=852  41$aBritish Library$bHMNTS$jELD Digital store$3Volume 50:Issue 1(2018)-
=945  \\$aGENERAL RELATIVITY AND GRAVITATION -LONDON THEN DORDRECHT-.
=959  \\$fHeld but not currently received
=963  \\$aVOL. 1, 1970- 9, 1978 *A=1$bY$cP352.C.223
=979  \\$aBritish Library$bDSC$j4109.650000
=985  \\$aCorrected by BSS-generated file for WR# 08/157
=985  \\$aCorrected by MS generated file for WR# 12.018
=985  \\$aCONFERENCE ANALYTIC &RECORDS EXIST
=A02  \\$a102074246
=CAT  \\$aCONV$b00$c20040425$lBLL90$h0712
=CAT  \\$aIPL-CLA$c20150630$lBLL01$h1642
=CAT  \\$aBATCH-UPD$b00$c20150820$lBLL01$h1959
=CAT  \\$aIPL-CLA$c20150930$lBLL01$h1800
=CAT  \\$aBATCH-UPD$b00$c20160217$lBLL01$h1857
=CAT  \\$aIPL-CLA$c20160331$lBLL01$h1721
=CAT  \\$aBATCH-UPD$b00$c20160524$lBLL01$h2156
=CAT  \\$aBATCH-UPD$b00$c20160524$lBLL01$h2245
=CAT  \\$aBATCH-UPD$b00$c20160824$lBLL01$h1916
=CAT  \\$aIPL-CLA$c20160930$lBLL01$h1559
=CAT  \\$aBATCH-UPD$b00$c20170216$lBLL01$h2001
=CAT  \\$aIPL-CLA$c20170331$lBLL01$h1841
=CAT  \\$aBATCH-UPD$b00$c20170904$lBLL01$h2032
=CAT  \\$aIPL-CLA$c20170929$lBLL01$h1724
=CAT  \\$aBATCH-UPD$b00$c20180223$lBLL01$h1931
=CAT  \\$aIPL-CLA$c20180331$lBLL01$h1615
=CAT  \\$aW1805-0475$c20180520$lBLL01$h1631
=CAT  \\$aBATCH-UPD$b00$c20180524$lBLL01$h1811
=CAT  \\$aIPL-CLA$c20180630$lBLL01$h1914
=CAT  \\$aW1908-0780$b00$c20200730$lBLL01$h1324
=CAT  \\$a15190$b40$c20201110$lBLL01$h1448
=CAT  \\$aCDS21$c20220118$lBLL01$h1104
=CAT  \\$aBATCH-UPD$b00$c20221121$lBLL01$h1359
=CAT  \\$aIPL-CLA$c20221231$lBLL01$h1444
=CAT  \\$a5410$b40$c20230112$lBLL01$h1514
=CAT  \\$a5410$b40$c20230113$lBLL01$h1131
=CFI  0\$aCurrent copyright fee: GBP29.95$c22\1$e01-jan-2023$fGBP29.95$g0$hP$5Uk
=CFI  2\$aPrevious copyright fee: GBP34.00$c22\1$e01-jul-2018$fGBP34.00$g0$hP$5Uk
=EST  \\$a1
=FFP  \\$aY$bBLDSS-3PM
=FIN  \\$aY
=LEO  \\$aMP10.0000630338
=LKR  \\$aPAR$b008540874$lBLL01$r7760$mGeneral relativity and gravitation (Online)$nGeneral relativity and gravitation
=MNI  \\$a0001-7701
=SRC  \\$aDSS01$bbibmp10.200404.2.aa
=TCO  \\$aNLD$bSTICHTING REPRORECHT$c008
=TCO  \\$aCLA$bCLA$c008
=TOC  \\$aETOC
=UNO  \\$aY
=ACF  \\$aPrevious copyright fee: GBP21.25$c4\4$e01-jan-2009$fGBP21.25$g0$hP$5Uk
=ACF  \\$aPrevious copyright fee: GBP16.75$c4\4$e01-jan-2007$fGBP16.75$g0$hP$5Uk
=ACF  \\$aPrevious copyright fee: GBP16.22$c4\4$e01-oct-2006$fGBP16.22$g0$hP$5Uk
=ACF  \\$aPrevious copyright fee: GBP17.14$c4\4$e01-apr-2006$fGBP17.14$g0$hP$5Uk
=ACF  \\$aPrevious copyright fee: GBP16.67$c4\4$e01-jan-2006$fGBP16.67$g0$hP$5Uk
=ACF  \\$aPrevious copyright fee: GBP16.22$c4\4$e01-apr-2005$fGBP16.22$g0$hP$5Uk
=ACF  \\$aPrevious copyright fee: GBP16.67$c4\4$e01-jan-2005$fGBP16.67$g0$hP$5Uk
=ACF  \\$aPrevious copyright fee: GBP13.51$c4\4$e01-apr-2004$fGBP13.51$g0$hP$5Uk
=ACF  \\$aCurrent copyright fee: GBP14.71$c4\4$e01-jan-2004$fGBP14.71$g0$hP$5Uk
=ACF  \\$aCurrent copyright fee: GBP15.63$c4\4$e01-jan-2003$fGBP15.63$g0$hP$5Uk
=ACF  \\$aPrevious copyright fee: GBP22.00$c4\4$e01-apr-2009$fGBP22.00$g0$hP$5Uk
=ACF  \\$aPrevious copyright fee: GBP22.00$c4\4$e12-aug-2012$fGBP22.00$g0$hP$5Uk
=ACF  \\$aPrevious copyright fee: GBP25.00$c4\4$e01-jan-2013$fGBP25.00$g0$hP$5Uk
=ACF  \\$aPrevious copyright fee: GBP25.77$c4\4$e01-jul-2013$fGBP25.77$g0$hP$5Uk
=ACF  \\$aPrevious copyright fee: GBP24.97$c4\4$e01-jan-2014$fGBP24.97$g0$hP$5Uk
=ACF  \\$aPrevious copyright fee: GBP24.21$c4\4$e01-jul-2014$fGBP24.21$g0$hP$5Uk
=ACF  \\$aPrevious copyright fee: GBP25.77$c4\4$e01-apr-2015$fGBP25.77$g0$hP$5Uk
=ACF  \\$aPrevious copyright fee: GBP26.63$c4\4$e01-jul-2015$fGBP26.63$g0$hP$5Uk
=ACF  \\$aPrevious copyright fee: GBP25.77$c4\4$e01-oct-2015$fGBP25.77$g0$hP$5Uk
=ACF  \\$aPrevious copyright fee: GBP27.55$c4\4$e01-apr-2016$fGBP27.55$g0$hP$5Uk
=ACF  \\$aPrevious copyright fee: GBP29.59$c4\4$e01-oct-2016$fGBP29.59$g0$hP$5Uk
=ACF  \\$aPrevious copyright fee: GBP31.96$c4\4$e01-apr-2017$fGBP31.96$g0$hP$5Uk
=ACF  \\$aPrevious copyright fee: GBP30.73$c4\4$e01-oct-2017$fGBP30.73$g0$hP$5Uk
=ACF  \\$aPrevious copyright fee: GBP28.54$c4\4$e01-apr-2018$fGBP28.54$g0$hP$5Uk
=LAS  \\$a5410$b40$c20230113$lBLL01$h1131

