=LDR  06789cas a2201465 a 4500
=001  016326699
=003  Uk
=005  20230414194705.0
=006  m\\\\\o\\d\\\\\\\\
=007  cr\mnu||||||||
=008  970922c19919999sz\mr\pso\\\\\0\\\\0eng\c
=FMT  \\$a  SE
=010  \\$a2011250836
=022  \\$a1179-1969$l1170-229X$y1170-229X
=035  \\$a(OCoLC)37663941$z(OCoLC)243570374$z(OCoLC)317564804$z(OCoLC)745206279
=037  \\$a???$bSpringer
=040  \\$aF#A$beng$cF#A$dOCL$dOCLCQ$dSBH$dOCLCS$dOCL$dTXJ$dCO3$dOCLCQ$dBUF$dFFQ$dOCLCE$dSFB$dNZAUC$dOCLCQ$dUk
=042  \\$aukblsr
=050  14$aRC953.7$b.D775
=060  \4$aW1$bDR458
=082  04$a615.580846$220
=130  0\$aDrugs & aging (Online)
=210  0\$aDrugs aging$b(Online)
=222  \0$aDrugs & aging$b(Online)
=245  10$aDrugs & aging$h[electronic resource].
=246  3\$aDrugs and aging
=260  \\$aAuckland, N.Z. :$bAdis International
=264  31$a[Cham?] :$bSpringer International Publishing AG
=310  \\$aTwelve issues yearly,$b2005-
=321  \\$aBimonthly,$b<Jan. 1991>-2000
=321  \\$aTwelve issues yearly,$b2001-2002
=321  \\$aFifteen issues annually,$b2003-2004
=336  \\$atext$2rdacontent
=337  \\$acomputer$2rdamedia
=338  \\$aonline resource$2rdacarrier
=362  1\$aBegan with v. 1, no. 1 (Jan. 1991).
=525  \\$aSome vols. include supplements.
=533  \\$aElectronic reproduction.$b[S.l.] :$cHathiTrust Digital Library,$d2011.$5MiAaHDL
=538  \\$aMaster and use copy. Digital master created according to Benchmark for Faithful Digital Reproductions of Monographs and Serials, Version 1. Digital Library Federation, December 2002.$uhttp://purl.oclc.org/DLF/benchrepro0212$5MiAaHDL
=538  \\$aMode of access: World Wide Web.
=583  1\$adigitized$c2011$hHathiTrust Digital Library$lcommitted to preserve$5MiAaHDL$2pda
=588  \\$aDescription based on print version record.
=588  \\$aLatest issue consulted: volume 30, issue 6 (June 2013) (SpringerLink, viewed June 17, 2013).
=540  \\$aCurrent copyright fee: GBP34.95$c21\0$5Uk
=650  \0$aGeriatric pharmacology$vPeriodicals.
=650  12$aDrug Therapy$vPeriodicals.
=650  22$aAged$vPeriodicals.
=650  \6$aPharmacologie gériatrique$vPériodiques.
=650  17$aGeneesmiddelen.$2gtt
=650  17$aBejaarden.$2gtt
=650  07$aAlter.$2swd
=650  07$aPharmakotherapie.$2swd
=650  07$aZeitschrift.$2swd
=655  \2$aPeriodicals.
=776  08$iAlso issued in print as:
=776  08$iPrint version:$tDrugs & aging$x1170-229X$w(DLC) 91650982$w(OCoLC)23110687
=859  \\$aELD$bejournal
=856  \\$31850-9999$uhttp://link.springer.com/$xBLDSS
=856  4\$uhttp://firstsearch.oclc.org
=856  4\$uhttp://firstsearch.oclc.org/journal=1170-229x;screen=info;ECOIP
=856  40$3Google$uhttp://books.google.com/books?id=GoJNAQAAIAAJ
=856  40$3Google$uhttp://books.google.com/books?id=gIFNAQAAIAAJ
=856  40$3Google$uhttp://books.google.com/books?id=roFNAQAAIAAJ
=856  40$3HathiTrust Digital Library Limited view (search only)$uhttp://catalog.hathitrust.org/api/volumes/oclc/23110687.html
=856  40$uhttp://adisonline.com/aging/pages/default.aspx
=856  40$uhttp://gateway.ovid.com/ovidweb.cgi?T=JS&MODE=ovid&PAGE=toc&D=ovft&AN=00002512-000000000-00000
=856  40$uhttp://link.springer.com/journal/40266
=856  40$uhttp://search.ebscohost.com/login.aspx?direct=true&db=rzh&jid=C5B&site=ehost-live
=856  40$uhttp://www.ingentaconnect.com/content/adis/dag
=859  \\$aXLD$bejournal
=852  41$aBritish Library$bDSC$j3629.612000$3Volume 13:Issue 1(1998)-Volume 35:Issue 2(2018)***See ESTAR for full holdings.
=852  41$aBritish Library$bHMNTS$jELD Digital store$3Volume 34:Issue 11(2017)-
=945  \\$aDrugs and aging.
=959  \\$fHeld but not currently received
=979  \\$aBritish Library$bDSC$j3629.612000
=CAT  \\$a8055$b40$c20130426$lBLL01$h1342
=CAT  \\$aBATCH-UPD$b00$c20150520$lBLL01$h1741
=CAT  \\$aIPL-CLA$c20150630$lBLL01$h1719
=CAT  \\$aBATCH-UPD$b00$c20150820$lBLL01$h1828
=CAT  \\$aIPL-CLA$c20150930$lBLL01$h1848
=CAT  \\$aBATCH-UPD$b00$c20160217$lBLL01$h1717
=CAT  \\$aIPL-CLA$c20160331$lBLL01$h1811
=CAT  \\$aBATCH-UPD$b00$c20160523$lBLL01$h1109
=CAT  \\$aBATCH-UPD$b00$c20160524$lBLL01$h2215
=CAT  \\$aBATCH-UPD$b00$c20160824$lBLL01$h1745
=CAT  \\$aIPL-CLA$c20160930$lBLL01$h1638
=CAT  \\$aBATCH-UPD$b00$c20170216$lBLL01$h1833
=CAT  \\$aIPL-CLA$c20170331$lBLL01$h1916
=CAT  \\$aBATCH-UPD$b00$c20170904$lBLL01$h1841
=CAT  \\$aIPL-CLA$c20170929$lBLL01$h1802
=CAT  \\$aBATCH-UPD$b00$c20180223$lBLL01$h1659
=CAT  \\$aIPL-CLA$c20180331$lBLL01$h1704
=CAT  \\$aW1805-0475$c20180520$lBLL01$h1632
=CAT  \\$aBATCH-UPD$b00$c20180524$lBLL01$h1705
=CAT  \\$aIPL-CLA$c20180630$lBLL01$h1937
=CAT  \\$aW1908-0780$b00$c20200730$lBLL01$h1332
=CAT  \\$a15190$b40$c20201023$lBLL01$h0957
=CAT  \\$aCDS21$c20220118$lBLL01$h1105
=CAT  \\$aBATCH-UPD$b00$c20221121$lBLL01$h1352
=CAT  \\$aIPL-CLA$c20221231$lBLL01$h1451
=CAT  \\$a5410$b40$c20230414$lBLL01$h1947
=CFI  0\$aCurrent copyright fee: GBP34.95$c21\0$e01-jan-2023$fGBP34.95$g0$hP$5Uk
=CFI  2\$aPrevious copyright fee: GBP43.00$c21\0$e01-jul-2018$fGBP43.00$g0$hP$5Uk
=EST  \\$a1
=FFP  \\$aY$bBLDSS-3PM
=FIN  \\$aY$d20130617
=LKR  \\$aPAR$b007842824$lBLL01$nDrugs & aging (Print)$mDrugs & aging (Online)$r776
=MNI  \\$a1170-229X
=SID  \\$aZ39$bOCLC
=TCO  \\$aNZL$bCLL$c008
=TOC  \\$aETOC
=UNO  \\$aY
=ACF  \\$aPrevious copyright fee: GBP31.22$c21\0$e26-apr-2013$fGBP31.22$g0$hP$5Uk
=ACF  \\$aPrevious copyright fee: GBP32.23$c21\0$e01-jul-2013$fGBP32.23$g0$hP$5Uk
=ACF  \\$aPrevious copyright fee: GBP31.21$c21\0$e01-jan-2014$fGBP31.21$g0$hP$5Uk
=ACF  \\$aPrevious copyright fee: GBP30.27$c21\0$e01-jul-2014$fGBP30.27$g0$hP$5Uk
=ACF  \\$aPrevious copyright fee: GBP32.23$c21\0$e01-apr-2015$fGBP32.23$g0$hP$5Uk
=ACF  \\$aPrevious copyright fee: GBP33.30$c21\0$e01-jul-2015$fGBP33.30$g0$hP$5Uk
=ACF  \\$aPrevious copyright fee: GBP32.23$c21\0$e01-oct-2015$fGBP32.23$g0$hP$5Uk
=ACF  \\$aPrevious copyright fee: GBP34.45$c21\0$e01-apr-2016$fGBP34.45$g0$hP$5Uk
=ACF  \\$aPrevious copyright fee: GBP37.00$c21\0$e01-oct-2016$fGBP37.00$g0$hP$5Uk
=ACF  \\$aPrevious copyright fee: GBP39.96$c21\0$e01-apr-2017$fGBP39.96$g0$hP$5Uk
=ACF  \\$aPrevious copyright fee: GBP38.42$c21\0$e01-oct-2017$fGBP38.42$g0$hP$5Uk
=ACF  \\$aPrevious copyright fee: GBP35.68$c21\0$e01-apr-2018$fGBP35.68$g0$hP$5Uk
=LAS  \\$a5410$b40$c20230414$lBLL01$h1947

