=LDR  06064cas a2201297 a 4500
=001  014629540
=003  Uk
=005  20230330144709.0
=006  m\\\\\\\\d\\\\\\\\
=007  cr||||||||||||
=008  050614c19599999xr\br\pss\\\\\0\\\a0eng\c
=FMT  \\$a  SE
=010  \\$a  2011233097
=022  \\$a1874-9356$l0015-5632
=030  \\$aFOMIAZ
=035  \\$a(OCoLC)60626174
=037  \\$a???$bSpringer
=040  \\$aOCoLC$beng$cOCoLC$dOCoLC$dCPT$dOCoLC$dGU$dOCoLC$dCLO$dOCoLC$dUk
=041  0\$aeng$brus$hrus
=042  \\$aukblsr
=050  \4$aQR1
=060  \4$aW1$bFO25M
=082  04$a579.05$223
=130  0\$aFolia microbiologica (Online)
=222  \0$aFolia microbiologica$b(Online)
=245  10$aFolia microbiologica$h[electronic resource].
=246  3\$aFM
=260  \\$aPraha :$bAcademia Scientiarum Bohemoslovaca
=260  3\$32008-$aPrague :$bInstitute of Microbiology, Academy of Sciences of the Czech Republic ;$aDordrecht :$bSpringer [distributor]
=310  \\$aBimonthly
=336  \\$atext$2rdacontent
=337  \\$acomputer$2rdamedia
=338  \\$aonline resource$2rdacarrier
=362  1\$aPrint began with v. 4 in 1959.
=546  \\$aArticles in English; summaries in English and Russian, 1959-65.
=550  \\$aIssued by the Czechoslovak Academy of Sciences, 1959-60; by the Microbiological Institute of the Czechoslovak Academy of Sciences, 1961- (with the Czechoslovak Microbiological Society, 1964- ).
=588  \\$aDescription based on: Vol. 42, no. 1 (Feb. 1997); title from journal home page (SpringerLink, viewed May 23, 2011).
=588  \\$aLatest issue consulted: Vol. 56, no. 4 (July 2011) (viewed Oct. 5, 2011).
=540  \\$aCurrent copyright fee: GBP29.95$c22\1$5Uk
=650  \0$aMicrobiology$vPeriodicals.
=710  2\$aČeskoslovenská akademie věd.
=710  2\$aMikrobiologický ústav (Československá akademie věd)
=710  2\$aČeskoslovenská společnost mikrobiologická při ČSAV.
=776  08$iPrint version:$tFolia microbiologica$x0015-5632
=780  00$tČeskoslovenská mikrobiologie
=859  \\$aELD$bejournal
=856  \\$31850-9999$uhttp://www.springer.com/gb/$xBLDSS
=856  40$3HathiTrust Digital Library$uhttp://catalog.hathitrust.org/api/volumes/oclc/1569543.html
=856  40$uhttp://www.springerlink.com/content/120945/
=859  \\$aXLD$bejournal
=852  41$aBritish Library$bDSC$j3971.500000$3Volume 42:Issue 5(1997)-Volume 63:Issue 2(2018)***See ESTAR for full holdings.
=852  41$aBritish Library$bHMNTS$jELD Digital store$3Volume 63:Issue 3(2018)-
=945  \\$aFolia microbiologica -Prague-
=959  \\$fHeld but not currently received
=979  \\$aBritish Library$bDSC$j3971.500000
=985  \\$aCONFERENCE ANALYTIC &RECORDS EXIST
=CAT  \\$a7174$b40$c20080529$lBLL01$h1557
=CAT  \\$aBATCH-UPD$b00$c20150820$lBLL01$h1752
=CAT  \\$aIPL-CLA$c20150930$lBLL01$h1827
=CAT  \\$aBATCH-UPD$b00$c20160217$lBLL01$h1639
=CAT  \\$aIPL-CLA$c20160331$lBLL01$h1750
=CAT  \\$aBATCH-UPD$b00$c20160524$lBLL01$h2158
=CAT  \\$aBATCH-UPD$b00$c20160524$lBLL01$h2256
=CAT  \\$aBATCH-UPD$b00$c20160824$lBLL01$h1716
=CAT  \\$aIPL-CLA$c20160930$lBLL01$h1621
=CAT  \\$aBATCH-UPD$b00$c20170216$lBLL01$h1803
=CAT  \\$aIPL-CLA$c20170331$lBLL01$h1859
=CAT  \\$aBATCH-UPD$b00$c20170904$lBLL01$h1804
=CAT  \\$aIPL-CLA$c20170929$lBLL01$h1745
=CAT  \\$aBATCH-UPD$b00$c20180223$lBLL01$h1621
=CAT  \\$aIPL-CLA$c20180331$lBLL01$h1638
=CAT  \\$aW1805-0475$c20180520$lBLL01$h1632
=CAT  \\$aBATCH-UPD$b00$c20180524$lBLL01$h1653
=CAT  \\$aIPL-CLA$c20180630$lBLL01$h1926
=CAT  \\$aW1908-0780$b00$c20200730$lBLL01$h1331
=CAT  \\$a15190$b40$c20201110$lBLL01$h1102
=CAT  \\$aCDS21$c20220118$lBLL01$h1105
=CAT  \\$aBATCH-UPD$b00$c20220810$lBLL01$h2134
=CAT  \\$aBATCH-UPD$b00$c20221121$lBLL01$h1403
=CAT  \\$aIPL-CLA$c20221231$lBLL01$h1449
=CAT  \\$a5410$b40$c20230330$lBLL01$h1446
=CAT  \\$a5410$b40$c20230330$lBLL01$h1447
=CFI  0\$aCurrent copyright fee: GBP29.95$c22\1$e01-jan-2023$fGBP29.95$g0$hP$5Uk
=CFI  2\$aPrevious copyright fee: GBP34.00$c22\1$e01-jul-2018$fGBP34.00$g0$hP$5Uk
=EST  \\$a1
=FFP  \\$aY$bBLDSS-3PM
=FIN  \\$aY$d20111005
=LKR  \\$aPAR$b008532616$lBLL01$r776$mFolia microbiologica [electronic resource].$nFolia microbiologica (Prague : Print).
=MNI  \\$a0015-5632
=SRC  \\$aBLL02
=TCO  \\$aNLD$bSTICHTING REPRORECHT$c008
=TCO  \\$aXXX$c008
=TOC  \\$aETOC
=UNO  \\$aY
=ACF  \\$aPrevious copyright fee: GBP21.25$c13\1$e01-jan-2009$fGBP21.25$g0$hP$5Uk
=ACF  \\$aPrevious Copyright Fee: GBP16.75$c13\1$e29-may-2008$fGBP16.75$g0$hP$5Uk
=ACF  \\$aPrevious copyright fee: GBP22.00$c13\1$e01-apr-2009$fGBP22.00$g0$hP$5Uk
=ACF  \\$aPrevious copyright fee: GBP22.00$c13\1$e12-aug-2012$fGBP22.00$g0$hP$5Uk
=ACF  \\$aPrevious copyright fee: GBP25.00$c13\1$e01-jan-2013$fGBP25.00$g0$hP$5Uk
=ACF  \\$aPrevious copyright fee: GBP25.77$c13\1$e01-jul-2013$fGBP25.77$g0$hP$5Uk
=ACF  \\$aPrevious copyright fee: GBP24.97$c13\1$e01-jan-2014$fGBP24.97$g0$hP$5Uk
=ACF  \\$aPrevious copyright fee: GBP24.21$c13\1$e01-jul-2014$fGBP24.21$g0$hP$5Uk
=ACF  \\$aPrevious copyright fee: GBP25.77$c13\1$e01-apr-2015$fGBP25.77$g0$hP$5Uk
=ACF  \\$aPrevious copyright fee: GBP26.63$c13\1$e01-jul-2015$fGBP26.63$g0$hP$5Uk
=ACF  \\$aPrevious copyright fee: GBP25.77$c13\1$e01-oct-2015$fGBP25.77$g0$hP$5Uk
=ACF  \\$aPrevious copyright fee: GBP27.55$c13\1$e01-apr-2016$fGBP27.55$g0$hP$5Uk
=ACF  \\$aPrevious copyright fee: GBP29.59$c13\1$e01-oct-2016$fGBP29.59$g0$hP$5Uk
=ACF  \\$aPrevious copyright fee: GBP31.96$c13\1$e01-apr-2017$fGBP31.96$g0$hP$5Uk
=ACF  \\$aPrevious copyright fee: GBP30.73$c13\1$e01-oct-2017$fGBP30.73$g0$hP$5Uk
=ACF  \\$aPrevious copyright fee: GBP28.54$c13\1$e01-apr-2018$fGBP28.54$g0$hP$5Uk
=LAS  \\$a5410$b40$c20230330$lBLL01$h1447

